2449 3056
67 165 105 205 ‘14
205 158 207 164 '
351 140 400 194 LlB.
409 155 425 193 1.
457 155 493 194 De
509 155 587 195 critica
603 157 693 196 ratione
707 166 781 197 textus
797 156 877 197 tttttct.

73 289 139 335 quem
150 273 247 318 omuibus
261 270 307 313 aliis
322 272 346 312 in
358 268 422 323 locis,
439 271 519 314 multae
532 273 632 313 nimirum
640 275 689 328 opis
703 272 857 329 indigentibus,
881 284 975 316 tacuerat
991 277 1092 326 omnino,
1111 274 1155 317 illic

76 349 148 393 subito
164 346 200 386 ubi
212 344 271 386 nulla
283 344 395 386 mentione
408 357 460 399 opus
476 343 528 395 fuit,
552 344 618 399 idque
638 342 713 401 quater
726 348 881 402 quinquiesque
895 346 921 387 ab
937 344 963 387 eo
975 359 1020 388 esse
1033 358 1154 394 evocatum3

75 437 89 465 e
102 419 206 462 contrario
218 427 289 459 autem
300 415 345 457 illic
354 430 399 458 ease
409 415 540 470 neglectum,
556 415 594 471 ubi
608 414 724 459 lectionem
739 415 803 473 longa
816 419 1016 473 praestantissimam
1030 415 1154 472 praeberet?

75 495 124 547 Quo
134 490 228 539 accedit,
244 500 268 530 ut
280 488 323 529 iam
332 500 394 541 supra
403 486 508 553 disputata
519 488 556 529 hic
565 487 695 539 recolamus,
713 489 771 546 quod
784 503 872 544 graecae
883 488 967 545 linguae
979 491 1083 546 cognitio,
1100 501 1155 545 quae
1189 489 1192 493 '

73 565 101 606 ad
114 560 308 605 Alexandrinorum
318 558 399 598 fontem
411 572 512 613 graecum
523 562 544 600 ei
557 558 638 601 aditum
653 563 735 615 aperire
751 571 845 617 poterat,
868 560 1004 603 vehementer
1022 573 1054 602 est
1068 559 1155 602 addubi-

73 647 119 678 tata
129 647 203 689 neque
218 633 283 685 magis
298 628 384 684 probari
396 641 477 683 potest,
501 631 615 685 Ephraemi
631 642 700 673 aetate
714 634 756 673 iam
769 634 893 673 Versionem
908 632 1105 688 graeco-syriacam
1119 643 1155 672 aut

73 709 200 764 Versionem
217 702 322 753 syriacam
337 713 350 741 e
365 713 440 755 graeca
451 700 600 756 interpolatam
614 702 727 751 exstitisse,
749 716 791 757 qna
806 703 880 744 utendi
894 702 984 745 vfacultas
1002 705 1022 744 ei
1034 702 1082 743 data
1094 705 1155 744 esset.

74 781 103 821 At
115 776 214 825 fortasse,
230 774 326 829 inquies,
343 771 416 812 locum
427 770 504 824 habes,
522 786 565 828 quo
580 771 606 813 ad
619 774 696 815 Graeci
708 772 865 815 similitudinem
879 788 940 814 suam
958 775 1155 829 interpretationem

10 854 12 858 ’
74 851 152 905 dirigat
161 845 303 901 Ephraemus,
325 856 352 884 ex
365 857 408 899 quo
421 857 495 886 omnes
506 843 553 885 lites
569 844 639 886 adhuc
652 848 743 900 agitatae
753 847 823 885 statim
836 844 973 886 dirimantur?
1000 842 1078 885 immo
1097 851 1154 894 tero,

74 918 262 965 nulluminvenies
275 913 373 970 quohoo
389 907 501 976 accidat*
526 917 581 956 Tam
591 914 714 971 longissime
727 918 798 971 potius
811 932 823 956 a
838 918 921 959 Graeco
935 915 1046 966 abhorret,
1070 927 1156 958 utnon

74 992 141 1035 modo
152 989 188 1031 hic
200 988 279 1037 illicte,
296 985 333 1027 aed
347 999 376 1026 ne
388 1000 432 1027 uno
447 985 533 1043 quidem
548 986 597 1028 loco
608 988 645 1041 qui
659 986 737 1028 lrabeat
751 990 854 1028 momenti
868 987 956 1042 aliquid,
981 986 1071 1029 affinitas
1092 1001 1156 1042 quae·

75 1065 124 1106 dam
140 1061 223 1118 percipi
238 1059 315 1115 possit,
338 1058 422 1112 'etiamsi
432 1056 563 1113 Ephraetnus
578 1057 621 1099 hoc
632 1060 679 1112 ipso
687 1060 710 1100 in
722 1058 771 1099 loco
782 1059 800 1099 V
802 1061 906 1100 ersionem
917 1058 1034 1115 simplicem
1046 1059 1110 1112 plane
1124 1072 1155 1099 re-

76 1134 188 1178 cusaverit.
210 1154 212 1158 Α

71 1267 73 1270 .
132 1241 154 1296 e)
175 1237 225 1278 Aut
232 1245 284 1292 post
292 1235 415 1291 Eplirccmt'
424 1244 525 1276 aetutem
534 1236 590 1276 ltacc
598 1236 743 1291 irttetpolctio
754 1235 844 1275 dantum
853 1245 885 1275 est
896 1235 1084 1292 corttttzzfstct33).-
1099 1236 1155 1275 Huic

71 1314 195 1358 ‘sententiae
207 1321 247 1348 nos
256 1309 322 1354 etiam
334 1305 493 1361 adstipulamur.
525 1310 618 1349 Tantum
631 1318 702 1348 autem
715 1307 784 1358 abest,
801 1319 824 1347 ut
836 1321 882 1348 eam
892 1310 980 1348 omuino
993 1320 1126 1362 sequentum..
1132 1316 1155 1345 ut

75 1400 124 1429 eam
139 1383 219 1423 arctius
235 1377 391 1419 contrahamus
423 1377 477 1418 Illud
495 1380 563 1429 enim,
588 1378 781 1429 textumvvidelicet
791 1378 968 1430 Ephtaemianum
984 1390 1029 1418 esse
1041 1375 1155 1428 interpola·

73 1470 130 1506 tum,
152 1467 178 1495 eo
193 1449 280 1505 probari
292 1450 402 1503 inquiunt,
423 1447 482 1502 quod
497 1458 580 1490 veteres
590 1449 636 1499 Syri
648 1447 717 1489 studio
731 1448 824 1502 quodam
837 1447 924 1501 gloriam
936 1448 1044 1489 Versionis
1059 1457 1154 1500 graecae,

46 1510 47 1513 Ἴ
73 1533 203 1582 >suggerente
211 1523 285 1576 spiritu
297 1519 368 1560 divino
373 1548 379 1569 ,
395 1529 419 1558 ut
431 1516 568 1567 credebatur,
584 1530 708 1568 concessae,
725 1530 793 1572 usqua
802 1530 879 1573 augere
891 1528 913 1559 et
926 1516 1054 1572 amplificare
1068 1507 1154 1572 eiusque

75 1595 229 1656 praestantiam
241 1589 364 1647 praedicare
381 1588 437 1629 soliti
449 1590 491 1629 sint
504 1600 568 1644 atque
580 1588 633 1629 adeo
647 1588 736 1638 Iacobus
747 1588 876 1639 Edessenus,
897 1587 1050 1638 Bathebraeus,
1070 1587 1155 1629 Barsali-

77 1673 130 1714 beus
142 1682 154 1710 e
165 1663 235 1706 multis
247 1661 302 1712 aliis,
322 1661 493 1705 Commentarios
505 1659 532 1699 ad
543 1672 590 1699 eam
601 1659 819 1710 accommodaverim,
830 1659 941 1715 exquibus
955 1658 1051 1701 omnibns
1062 1660 1085 1700 id
1096 1659 1155 1700 dum·

77 1751 137 1785 taxat
150 1735 250 1784 eflicitur,
265 1731 322 1773 istud
333 1730 380 1771 fieti
391 1733 496 1784 potuisse,
509 1744 645 1786 nequaquam
656 1744 680 1770 re
690 1745 739 1771 veta
751 1730 831 1771 factum
843 1744 895 1771 esse.
925 1730 1002 1771 Multos
1015 1741 1084 1771 tamen
1096 1744 1155 1771 acce-

76 1817 111 1869 pi,
128 1810 175 1865 qni,
191 1808 234 1846 sive
246 1803 376 1858 Ephraemus
389 1799 502 1841 verborum
515 1802 654 1855 positionem,
672 1799 801 1851 finitionem,
819 1803 999 1843 constructionem
1009 1815 1155 1861 personarum-

79 1897 122 1942 (με
140 1878 319 1936 permutationem
335 1870 473 1922 contuderat,
502 1874 547 1913 sive
566 1871 657 1925 demptis
676 1871 861 1913 coniunctionibus
879 1871 978 1914 dissolute
992 1872 1052 1928 plura
1068 1872 1155 1920 dixerat,

77 1960 122 2001 sive
133 1950 222 1995 verbum
234 1943 387 2002 aliquantulum
400 1957 449 1983 cum
462 1944 545 1984 Graeco
558 1943 678 1996 discrepans
689 1942 818 1995 subiecerat,
834 1946 878 1984 sive
891 1943 951 1985 aliter
963 1943 1156 2000 quomodocunque

79 2036 151 2084 egerat
166 2031 189 2064 et
202 2020 294 2062 breviter
312 2024 441 2055 commutata
459 2025 569 2069 posuerat,
591 2013 703 2055 verborum
716 2017 829 2067 aucupium
842 2014 953 2066 faciundo,
969 2017 1039 2056 statim
1051 2017 1156 2056 Graecum

79 2099 116 2140 hic
132 2102 243 2150 operatum
258 2088 408 2131 existimarent.
440 2087 511 2138 Quam
526 2087 549 2125 in
569 2087 696 2127 sententiam
715 2085 803 2127 discedit
819 2086 931 2136 Sroumus,
955 2088 992 2141 qui
1011 2084 1156 2137 exemplorum

80 2167 195 2213 acervatim
208 2160 274 2203 multa
285 2158 435 2214 frequentavit,
453 2170 555 2212 quorum,
573 2170 622 2198 meo
636 2156 721 2211 quidem
734 2157 824 2207 iudicio,
840 2159 943 2197 maximus
951 2167 983 2197 est
995 2155 1088 2197 delectus
1099 2154 1157 2195 adhi-

81 2240 171 2283 bendus.
202 2232 319 2274 Maximam
332 2230 388 2268 enim
399 2238 481 2281 partem
492 2230 538 2282 ipsa
550 2239 631 2269 textum
643 2227 749 2268 excitandi
763 2226 876 2281 Ephraemi
887 2229 980 2278 ratione,
997 2226 1024 2268 de
1035 2225 1103 2268 verbis
1113 2229 1157 2282 qui-

83 2313 133 2354 dem
145 2311 213 2349 minus
227 2300 320 2349 curiosa,
338 2299 475 2353 explicantur.
505 2300 581 2354 Neque
590 2313 651 2350 vero,
667 2298 739 2353 quoad
750 2297 871 2354 longissime
881 2308 951 2352 potest
962 2311 1022 2338 mens
1034 2311 1081 2338 mea
1093 2300 1157 2352 respi-

82 2396 131 2426 cere
145 2367 236 2435 spatium
252 2376 275 2415 iu
292 2370 407 2426 Ephraemi
426 2371 508 2424 scriptis
527 2384 660 2425 percursum,
685 2369 851 2427 talis-quaedam
866 2368 929 2410 lectio
940 2368 983 2409 ulla
995 2367 1046 2408 milti
1059 2371 1156 2418 occurrit,

82 2457 118 2497 cui
129 2461 184 2493 certa
196 2447 266 2489 studio
277 2442 371 2501 quodam
381 2438 536 2497 arbitrarioque
546 2441 716 2483 exVersionibus
728 2440 797 2482 factae
807 2440 975 2505 interpolationis
984 2450 1034 2481 nota
1046 2444 1072 2482 sit
1081 2443 1157 2481 inusta.

83 2522 142 2579 Quid
154 2517 235 2562 multa?
256 2517 378 2557 Memineris
391 2515 465 2564 etiam,
481 2513 623 2567 Ephracmum
637 2526 705 2567 prope
718 2512 789 2553 divino
803 2508 886 2553 lionoia
898 2511 954 2566 apud
965 2508 1013 2553 s‘nos
1024 2508 1158 2552 missatati-

82 2610 128 2640 tum
143 2604 165 2635 et
180 2589 320 2632 ecclesiastica
334 2588 459 2629 auctoritate
474 2583 585 2639 aflectum,
604 2584 701 2640 adeoque
713 2586 747 2626 vix
761 2584 870 2634 credibile,
887 2585 964 2638 scripta
978 2586 1021 2627 eius
1034 2584 1115 2636 integra
1127 2581 1158 2621 iu-

82 2705 198 2723 nnn-‘'¹⁰⁸⁸'-

101 2775 129 2810 38)
146 2773 204 2803 Waat.
216 2778 231 2809 p.
240 2772 263 2801 επ.
275 2769 298 2803 ta.
318 2765 411 2798 mentions,
422 2774 438 2804 p.
447 2772 479 2801 137,
499 2765 618 2804 sfoflqp'ffi
629 2771 652 2801 μ’
