2449 3056
85 157 99 198 6
533 158 727 202 Paooeinun,

89 275 168 332 scripta
186 274 273 328 (Assera.
291 272 319 315 ad
331 274 388 330 Opp.
402 290 432 332 gr.
447 277 463 316 t.
476 289 496 331 p.
507 276 549 328 54)
565 276 618 318 nihil
637 280 677 320 nisi
689 279 764 321 Versio
780 293 848 337 eaque
865 291 964 336 corrupta
980 293 1002 323 et
1015 293 1123 338 amputata
1138 293 1170 325 est

90 346 219 403 aestimanda
230 344 279 397 (1.1.
290 359 311 400 p.
319 348 352 398 8),
377 347 463 389 Nullum
481 349 512 388 rei
525 351 635 404 vestigium
646 341 792 404 deprehendes
803 352 860 406 apud
873 353 996 401 Simeonem
1011 354 1171 408 Metaphrasten

91 421 141 472 (1.1.
156 432 176 473 p·
189 417 240 469 2¹5),
265 418 323 474 quod
334 417 388 474 fugit
403 419 530 459 Assnnanun
543 422 577 470 (B.
589 421 616 461 Ο.
629 422 644 461 Ι.
659 435 680 476 p.
693 420 741 474 55).
772 423 800 463 At
813 423 862 464 vide
877 437 940 479 quam
952 425 1017 467 altum
1032 426 1059 467 de
1074 438 1097 466 re
1108 425 1171 467 silen-

89 495 142 532 tium
159 495 232 531 te‘neat
249 492 295 543 ipse
310 489 439 544 Ephraemus
459 493 481 530 in
494 492 598 534 Encornio
610 492 680 536 Basilii
694 494 764 548 (Opp.
777 509 807 550 gr.
817 496 842 535 ΙΙ.
854 508 874 550 p.
885 496 929 548 289
937 521 964 529 -
973 498 1039 549 296),
1063 498 1101 552 qui
1112 495 1171 539 hunc

32 588 34 592 >
89 578 139 605 cum
156 561 232 603 Basilio
252 575 387 617 congressum
403 560 518 617 allegorico
537 575 614 605 ornatu
631 564 720 606 involvit
734 565 896 621 (l.1.p.291),
913 565 950 607 sed
963 579 992 607 rte
1004 566 1070 608 verbo
1085 568 1170 623 quidem

87 635 149 678 istud
159 633 282 675 miraculum
295 643 332 672 aut
343 646 402 672 suam
416 647 505 688 graecae
517 633 602 689 linguae
614 638 724 677 scientiam
737 639 826 691 attingit.
837 663 845 669 x
857 639 901 678 Iam
912 627 966 677 nihil
978 637 1095 694 quidquam
1106 638 1172 679 habet
1185 652 1189 660 ¹

90 707 160 749 Basilii
174 703 238 745 frater
252 715 273 745 et
283 696 401 757 Ephraemi
410 704 502 759 aequalis
515 706 628 761 Gregorius
640 708 745 759 Nyssenus
759 707 829 761 (Opp.
841 710 876 748 ΙΙΙ.
889 723 910 763 p.
919 708 981 763 605).
1011 711 1089 750 Nescio
1101 711 1171 764 igitur,

91 776 201 835 quomodo
214 777 334 816 Assnnanus
352 774 386 829 (B.
397 776 424 816 O.
440 777 456 816 t.
471 789 492 830 p.
503 775 539 817 55.
559 780 595 833 qni
612 789 684 819 tamen
703 778 731 818 ad
747 777 886 833 EphnOpp.
898 793 928 833 gr,
940 781 975 818 III.
988 781 1011 819 in
1024 779 1120 836 Prolegg.
1134 780 1171 826 46.

90 855 137 906 ipse
152 862 174 890 se
187 848 294 902 corrigit),
309 861 372 902 quem
385 858 466 888 temere
477 858 578 904 sequutus
593 860 624 891 est
636 848 858 904 Cnannnnus·(p.16)‚
872 849 899 890 ad
909 852 972 890 istum
984 849 1056 891 locum
1068 863 1171 905 protoca-

90 927 125 963 rit.
155 913 235 964 Verum
247 921 354 960 enimvero
368 932 454 959 ornnem
466 933 556 975 graecae
567 920 652 976 linguae
663 922 772 962 scientiam
786 932 858 974 aperte
869 922 888 961 ei
900 919 1022 963 abiudicant
1033 922 1171 971 Sozomenus,

90 993 173 1048 ipsein
185 991 268 1032 oriente
279 1001 341 1031 natus
361 990 402 1045 (H.
414 991 438 1030 E.
449 992 483 1030 Ill.
498 991 548 1046 16),
573 1005 638 1046 quum
649 990 792 1045 Epltraemum
805 1002 891 1045 usurpet
908 997 997 1043 itineraria
1008 1000 1083 1039 παιδείας
1092 995 1180 1043 dpereat„

91 1078 117 1105 ac
134 1062 296 1112 Theodoretns‚
318 1061 446 1102 Antiochiae
459 1073 532 1112 natus,
561 1064 598 1117 qui
612 1064 654 1117 (H.
663 1063 687 1102 E.
699 1063 733 1103 IV.
746 1061 787 1115 29)
804 1061 946 1116 Ephraemum
963 1069 1049 1119 propter
1066 1063 1089 1103 id
1102 1066 1172 1117 ipsum

92 1136 207 1185 admiratus
220 1144 261 1184 est,
279 1126 337 1189 quod
350 1132 398 1184 ille,
409 1132 545 1193 ¹quamquam
557 1146 646 1188 graecae
658 1132 743 1188 linguae
755 1135 849 1188 ignarus,
864 1143 936 1175 tamen
944 1135 1074 1175 Graecorum
1090 1147 1171 1176 errores

91 1207 182 1250 feliciter
198 1205 336 1246 convinceret
355 1211 446 1252 (παιδείας
457 1208 489 1256 yde
502 1206 523 1245 od
535 1210 635 1256 γεγευμένος
641 1210 743 1255 illiganda,
758 1208 799 1251 τούς
809 1223 827 1246 re
837 1212 944 1257 πολυσχεδεῖς
955 1213 990 1246 τῶν
997 1207 1086 1255 Ἑλλήνων
1097 1210 1172 1258 definge

86 1284 167 1326 vatienae
178 1296 194 1318 a.
207 1295 222 1318 r.
234 1283 267 1324 t).
290 1277 349 1327 Quin
361 1278 423 1317 etiam
437 1277 567 1318 Sozomenus
581 1275 644 1331 plane
654 1285 727 1331 negat,
745 1286 766 1316 at
778 1277 864 1327 iniuria,
880 1276 1022 1331 Ephraemum
1031 1276 1114 1318 liberali
1125 1291 1172 1319 eru-

88 1351 174 1393 ditione
185 1348 305 1402 praeditum
316 1346 392 1398 fuisse,
408 1348 446 1389 sed
457 1347 592 1402 philosophia
603 1349 672 1402 potins
685 1347 811 1388 monachica
824 1349 888 1389 vitant
901 1349 1028 1398 exercuisse,
1045 1362 1086 1389 nec
1098 1348 1172 1390 litteris

89 1422 240 1470 informatum,
265 1432 307 1459 nec
323 1418 387 1459 talem
403 1418 499 1460 habitum
516 1432 573 1467 eese3
596 1420 699 1459 sermonis
719 1418 823 1473 elegantia
842 1416 929 1472 quidem
947 1418 1040 1457 Graecos
1060 1420 1126 1458 etiam*
1138 1433 1170 1459 su·

91 1505 183 1548 perasse.
215 1490 243 1530 tlt
255 1489 371 1531 videndum
383 1491 432 1539 erit,
454 1503 482 1529 ne
500 1488 621 1529 aberremus
637 1482 901 1542 Sozomenoque‘r'timium
915 1485 965 1527 fidei
978 1486 1172 1543 habeamus,na1n

90 1565 142 1607 licet
155 1575 245 1619 graecae
255 1561 340 1615 linguae
353 1562 438 1616 ignarus
452 1558 526 1609 fuerit,
543 1572 588 1599 non
601 1568 626 1600 eo
639 1560 681 1598 iam
697 1556 786 1598 efficitur
791 1586 796 1607 ‚
813 1568 837 1598 ut
850 1558 980 1598 Graecorum
992 1562 1070 1613 scripta
1083 1561 1171 1602 omnino
1185 1581 1187 1585 ¹

90 1637 205 1693 ignorarit,
220 1633 254 1676 uel
266 1632 377 1672 doctrinae
386 1630 478 1672 liberalis
490 1630 547 1670 rudis
558 1628 628 1671 fuerit.
659 1631 714 1669 Nam
726 1628 782 1669 bene
792 1627 908 1690 tenendum
919 1639 960 1679 est,
977 1632 1063 1671 nonnisi
1077 1644 1113 1672 eos
1125 1644 1172 1686 per-

91 1710 195 1762 stringere
210 1691 364 1758 Epltraemunr,
388 1704 436 1757 qui,
459 1703 567 1754 scripturis
585 1703 649 1742 sacris
663 1699 726 1753 plane
742 1699 853 1754 neglectis,
877 1698 1023 1753 philosophiae
1035 1701 1173 1744 absconditae

92 1790 116 1822 ct
128 1778 236 1819 abstrusae
249 1775 320 1828 (Opp.
330 1787 370 1825 syr.
383 1775 399 1812 1.
412 1786 433 1827 p.
443 1772 494 1812 556.
505 1770 539 1824 C.)
556 1781 592 1811 aut
607 1772 737 1811 Graecorum
752 1772 834 1824 scriptis
851 1771 954 1825 nugisque
966 1770 1030 1820 (ibid.
1042 1786 1063 1826 p.
1075 1773 1126 1826 276.
1137 1774 1172 1828 E)

92 1851 140 1906 plus
152 1850 242 1890 nimium
253 1844 388 1899 indulgeant,
411 1856 453 1883 nec
463 1853 535 1883 tamen
547 1855 583 1883 eos
596 1852 677 1891 taxare,
697 1842 734 1896 qui
748 1840 774 1881 ad
787 1841 855 1881 studia
870 1840 924 1881 haec
940 1843 1022 1883 ratione
1036 1843 1172 1894 inctrmbant3

91 1920 216 1964 namlocus
234 1918 327 1958 occurrit
343 1916 484 1969 quoiuvenes
503 1913 530 1953 ad
548 1913 680 1953 Graecorum
698 1903 818 1952 lectionem
828 1925 906 1965 magno
922 1925 986 1965 opere
997 1915 1085 1963 excitat,
1108 1928 1172 1969 quem
1208 1922 1214 1938 ¹

91 1992 147 2037 infra
165 1992 291 2046 aperiemus.
324 1986 418 2026 Omnino
438 1996 510 2025 autem
524 1994 598 2025 nostro
616 1983 643 2024 de
653 1982 765 2037 Ephraemi
782 1982 900 2023 eruditione
914 1982 993 2046 indicio
1008 1983 1060 2024 illud
1075 1985 1172 2041 Gregorii

91 2066 182 2117 Nyssenl
194 2061 262 2117 (Opp.
273 2056 399 2112 III.p.Goi)
414 2054 570 2105 moderabitur,
588 2068 652 2110 quum
664 2054 731 2113 dicat:
748 2056 770 2094 od
782 2057 837 2103 μόνον
852 2057 869 2095 dl
882 2055 946 2103 ταύτης
957 2063 987 2104 τῆς
998 2057 1078 2107 ἡμετέρας
1092 2063 1120 2098 aad
1132 2068 1172 2100 deo.

92 2139 184 2183 wrederen
197 2140 261 2180 σοφίας
272 2133 312 2172 i'tov
323 2132 353 2172 τὸν
364 2130 480 2179 irreverentia
491 2134 569 2178 κρατῆρσι
581 2131 706 2168 inritauerat
719 2134 755 2174 τοῖς
765 2129 821 2172 ἄλλοις
838 2130 940 2176 μετέδωκεν,
958 2129 1000 2168 dlld
1014 2132 1043 2169 nal
1055 2134 1085 2178 τῆς
1099 2133 1130 2176 ἔξω
1145 2149 1172 2173 ao·

93 2207 154 2250 σμιτῆς
169 2216 185 2238 a.
197 2215 212 2237 τ.
225 2203 240 2236 l·

150 2324 200 2363 Esse
210 2308 275 2376 igitur
286 2332 313 2360 ex
322 2317 358 2358 illa
369 2316 458 2359 mirifica
467 2317 589 2358 narratione
598 2312 657 2365 nihil,
672 2312 729 2370 quod
738 2312 801 2355 fidem
811 2311 894 2365 lrabeat,
906 2312 1080 2369 depromendum,
1093 2319 1174 2380 aperui-

95 2382 149 2437 nrus.
181 2392 244 2433 Aliud
258 2402 329 2432 tamen
339 2388 432 2431 afferunt
442 2398 596 2444 argumentum,
614 2400 656 2442 qno
669 2384 724 2436 freti,
740 2385 882 2439 Ephraemum
896 2399 972 2441 graece
981 2387 1065 2429 scivisse
1073 2400 1174 2438 statuunt,

97 2474 244 2521 argumentum
261 2464 336 2517 igitur,
355 2460 414 2518 quod
433 2474 459 2501 ex
477 2459 513 2500 illa
529 2472 654 2513 graecorum
670 2456 783 2497 verborum
796 2455 915 2512 frequentia
930 2458 952 2497 in
967 2456 1080 2511 Ephraemi
1093 2459 1182 2514 scriptis

97 2547 190 2592 reperta,
212 2543 317 2588 repetunt.
349 2533 423 2574 Arme
440 2531 526 2587 quidem
538 2529 630 2570 illanon
643 2526 740 2568 offendit.
772 2527 842 2568 Facile
856 2530 923 2578 enim,
940 2530 1028 2583 opinor,
1043 2530 1089 2569 fieri
1100 2527 1175 2583 potuit,

96 2620 121 2650 ut
137 2607 172 2647 illa
184 2607 256 2657 Syriae
268 2618 317 2646 cum
329 2604 431 2646 Graeciae
443 2602 580 2645 ecclesiarum
592 2600 744 2642 coniunctione
757 2600 925 2654 scriptorumque
937 2614 1072 2655 graecorum,
1093 2612 1176 2654 patrum

96 2679 206 2737 imprimis,
223 2674 371 2726 Versionibm,
388 2675 460 2731 lingna
472 2677 535 2717 etiam
548 2675 628 2726 syriaca
642 2685 669 2714 ex
681 2684 756 2727 graeca
768 2669 808 2712 sibi
819 2670 884 2711 multa
895 2671 959 2732 verba
972 2671 1143 2715 accommodaret
1155 2684 1176 2717 et
