2449 3056
74 192 104 236 40
346 184 395 224 LIB.
403 183 420 224 I.
452 183 489 226 Dc
506 185 586 227 critica
601 185 691 227 ratione
706 192 781 228 texitis
796 184 877 228 biblici.

74 293 133 350 mum
144 299 241 347 omnibus
255 291 360 372 reliquis'
354 318 378 345 ιιι
390 277 443 345 locis
458 302 575 346 hodiernae
588 303 689 347 Versioni
698 305 790 360 simplici
802 319 938 363 nequaquam
951 305 1013 347 nimis
1027 303 1104 361 longe·
1106 315 1156 360 pest

74 379 186 428 babemus,
201 376 224 418 ιι]
235 376 293 434 quod
312 387 424 431 oportere,
442 389 479 432 qur
490 390 558 430 primo
571 376 645 418 leviter
661 392 709 419 eum
722 380 853 430 tractaverit,
873 378 937 420 facile
951 379 1035 433 putarit.
1071 369 1157 422 Etenim
1207 373 1209 380 ⁸

74 453 92 493 si
104 464 178 508 omnes
188 448 253 496 illas'
246 451 405 491 immutationes
417 457 482 504 atque
495 450 645 490 conversiones
656 464 682 490 ex
692 450 763 491 arbit'
740 461 779 491 trio
792 449 945 490 tantummodo
953 453 1057 491 commiss
1058 462 1074 489 ts
1090 447 1158 489 aliun·

73 494 127 564 deve
141 532 209 574 ortas,
229 523 248 564 si
263 524 351 578 iuquam
362 522 412 561 istas
424 517 539 579 scripturas
552 520 579 563 de
592 520 708 564 rationibus
723 522 844 572 deduxeris,
866 499 938 562 earum
949 523 1100 575 scripturarum
1118 521 1156 570 vis,

74 608 141 651 quae,
158 608 185 637 ex
199 596 247 649 ipso
261 593 340 634 Codice
353 594 397 633 iam
410 590 517 647 profecta,
534 607 646 648 perperam
661 607 702 636 nec
717 605 775 636 certe
788 595 907 635 necessario
918 608 930 634 a
941 591 1157 651 Versionesimplice
1173 597 1177 601 ⁴

73 665 167 716 recedit,
197 663 344 706 erit'fercuda.
382 665 520 720 Quamquam
539 665 625 719 quidem
639 676 720 705 certum
735 665 843 720 quendam
858 679 969 707 numerum
985 664 1020 705 bic
1036 663 1158 706 describere

75 750 180 792 nequeas,
208 746 295 777 eatenus
308 745 381 777 tamen
389 734 426 785 ille
437 745 509 789 potest
521 737 631 785 constitui,
652 746 677 776 ut
691 750 740 777 eum
755 719 812 776 haud
827 751 965 792 permagnum
978 738 1090 778 existimes.
1134 734 1158 775 Si
1183 729 1185 733 ’

73 802 150 850 omne's
162 808 262 848 nimirum
272 806 376 848 lectiones
386 805 506 847 arbitrarius
519 818 561 848 nec
571 808 641 848 minus
655 793 729 848 omues
743 807 903 859 emendationes
911 805 964 861 ‘ipsis
977 805 1157 849 hebraeisuerbis

73 879 201 936 approbatas
213 889 235 921 et
246 877 392 929 confirmatas,
409 877 449 918 tibi
458 880 573 929 exemeris,
593 892 618 919 ea
630 878 745 932 similitudo
759 874 1092 935 quae‘interceditEphraemum
1102 878 1158 919 inter
1196 872 1198 878 ’

75 963 98 996 et
108 949 365 1004 Versionem“''sirnplicem
376 962 423 990 nou
431 962 517 1018 prorsqs
528 949 569 991 alia
580 952 619 990 erit
632 950 740 1004 profecto,
758 952 866 1007 'quantum
876 951 975 1007 equidem
983 965 1016 992 vex
1026 938 1158 992 Tuontrmcu
1173 983 1180 993 ι

73 1022 223 1067 collationibus
238 1020 332 1063 iudicare
344 1035 441 1076 possum,
465 1035 529 1076 quam
542 1036 598 1078 quae
612 1033 644 1063 est
661 1025 718 1063 inter
735 1033 818 1063 ceteros
832 1023 917 1064 codices
928 1023 1036 1064 Versionis
1049 1022 1157 1078 simplicis.

1 1085 26 1111 '⁴
72 1098 172 1151 Namque
181 1105 203 1137 et
215 1108 289 1135 omnes
299 1093 330 1135 illi
342 1084 428 1135 cedices
444 1095 468 1133 in
478 1091 640 1134 formationibus
656 1092 769 1134 verborum
784 1107 858 1134 secum
868 1093 1000 1147 discrepant,
1024 1107 1099 1134 ornnes
1112 1094 1158 1134 rei«
1199 1138 1200 1141 Ἴ

73 1163 187 1209 borumin
202 1176 257 1208 statu
272 1178 405 1221 numeroque
423 1162 511 1214 distant,
539 1179 614 1205 omnes
634 1164 782 1219 explicationis
800 1179 874 1207 caussa
892 1168 1022 1207 incrementa
1038 1174 1156 1220 arcessunt,

74 1253 149 1282 omues
160 1233 224 1292 rerba
235 1238 277 1287 rei,
294 1251 349 1292 quae
361 1239 440 1291 agitur,
456 1236 569 1290 propriora
585 1236 686 1292 idemque
700 1238 800 1278 sonantia
816 1236 937 1291 proferunt,
958 1251 1032 1278 omnes
1047 1238 1070 1277 in
1082 1235 1157 1278 verbo·

73 1325 121 1353 rum
135 1312 239 1365 scriptura
253 1308 365 1358 dissident,
385 1309 519 1363 omninoque
534 1322 610 1350 omues
623 1301 746 1350 similibus'
739 1323 763 1349 ιιι
778 1308 927 1363 discrepantiis
944 1320 1000 1366 quas
1008 1311 1032 1353 in
1043 1308 1158 1363 Ephraemi

75 1383 239 1424 Commentariis
254 1380 403 1436 cognovimus,
422 1371 559 1419 conveniunt
590 1381 650 1419 Hic‘
644 1378 791 1432 igiturearum
803 1393 902 1419 nurnerus
921 1393 984 1434 quem
1002 1390 1089 1435 propter
1102 1378 1158 1419 arbi

73 1447 161 1496 trariam
173 1457 199 1495 'ea
212 1454 299 1508 quaein
312 1461 399 1491 context
400 1451 417 1490 is
392 1459 477 1490 tsunt
487 1459 543 1489 excit
528 1448 594 1488 'tandi
610 1451 715 1489 rationem
726 1449 808 1490 valde
801 1459 906 1490 incertum
917 1463 962 1491 esse
979 1450 1078 1500 diximus,
1099 1449 1158 1490 haud

74 1521 167 1567 multum
181 1537 232 1571 sane
243 1521 313 1564 refert.
348 1521 416 1572 Quid,
431 1519 489 1576 quod
503 1519 608 1560 eiusmodi
619 1513 732 1574 scripturas
745 1522 861 1570 variantes,
884 1534 910 1561 ex
926 1520 1025 1562 Hebraeo
1037 1535 1088 1577 ,non
1105 1535 1158 1576 pen-

76 1588 165 1648 dentes,
177 1598 306 1636 Tuoaunrcn
319 1592 418 1634 codicum
432 1593 557 1632 auctoritate
569 1605 634 1646 saepe
645 1590 810 1632 confirmantur?
841 1593 926 1634 Dixeris
940 1592 1037 1648 quidem,
1056 1595 1106 1634 istos
1122 1591 1171 1634 co?

75 1669 133 1711 dices
143 1667 257 1722 Ephraemi
267 1666 404 1713 auctoritate,
422 1665 517 1703 omnium
532 1666 659 1718 scriptorum
669 1664 692 1705 in
707 1663 798 1704 ecclesia
809 1665 889 1715 syriaca
898 1663 1045 1714 laudatissimi,
1072 1678 1098 1706 ex
1113 1667 1157 1706 eius

76 1741 240 1782 Commentariis
257 1751 303 1780 esse
316 1749 397 1789 corrup
400 1745 442 1784 tos,
473 1737 607 1776 econtrario
624 1745 695 1775 autem
714 1737 738 1774 in
753 1734 868 1788 Ephraemi
887 1745 986 1775 contexta
1004 1723 1158 1776 eiusdemmodi

76 1814 209 1867 scripturas
203 1809 248 1850 aliis
262 1822 289 1849 ex
303 1804 413 1848 codicibus
426 1805 462 1845 hic
473 1804 502 1844 ill
496 1818 543 1845 reve
554 1805 644 1845 irruisse.
675 1803 746 1844 Probe
757 1818 814 1846 vero
846 1805 910 1861 Atqui
921 1816 970 1847 tuae
980 1801 1097 1856 sententiae
1108 1821 1157 1848 cau·

76 1886 107 1924 tle
117 1881 222 1941 quaedam
235 1891 268 1922 est
282 1876 413 1927 adhibenda,
432 1890 497 1931 quum
514 1874 550 1915 ille
569 1875 682 1930 Ephraemi
695 1886 750 1916 cum
767 1878 843 1918 ceteris
859 1876 968 1918 codicibus
984 1889 1101 1919 concentus
1112 1893 1157 1919 non

44 2010 48 2015 ἱ
75 1958 107 1996 rte
117 1966 251 2010 estmagnus,
268 1960 292 1991 ut
304 1951 380 1992 certius
394 1961 503 2004 quippiam
515 1945 566 1988 ande
582 1947 653 2003 colligi
669 1948 742 2002 possit
785 1948 867 1989 Putaris
886 1950 960 2000 etiam,
977 1948 1036 1990 illum
1055 1949 1157 1991 Codicem

76 2026 257 2083 Ephraemianum
266 2022 347 2064 lacunis
363 2020 482 2070 laborasse,
503 2032 568 2075 quum
580 2020 603 2059 in
617 2020 779 2061 Commentariis
792 2018 859 2060 multa
871 2033 916 2060 non
930 2019 1055 2077 legerentur.¹
1092 2022 1158 2078 Atqui

77 2111 141 2149 vero,
162 2084 198 2138 aut
207 2096 255 2137 libri
270 2108 319 2135 mss.
331 2091 481 2147 Ephraemiani
493 2092 570 2146 integri
582 2090 678 2131 nondum
690 2101 741 2133 sunt
752 2093 842 2145 reperti,
864 2103 900 2133 aut
912 2093 944 2132 rei
953 2088 1011 2132 'ratio
1024 2092 1075 2132 inde
1086 2095 1157 2146 potius
1213 2140 1214 2143 Ἴ

78 2180 111 2214 est
119 2166 245 2225 repetenda,
259 2165 317 2223 quod
325 2164 456 2220 Ephraemus
468 2162 495 2204 de
505 2164 529 2203 iis
538 2164 711 2217 interpretaretur
722 2161 781 2204 haud
791 2164 932 2204 necessarium
942 2165 1028 2216 putavit.
1054 2163 1118 2215 Quod
1130 2164 1158 2206 ad

77 2241 169 2299 singulas
179 2249 252 2282 autem
260 2251 323 2280 voces
336 2238 413 2290 passim
424 2237 509 2276 omissas
519 2236 603 2284 attinet,
621 2228 734 2292 quominus
746 2248 781 2275 eas
793 2233 918 2289 plerumque
927 2247 977 2276 vere
988 2233 1063 2289 legerit
1071 2234 1158 2277 arbitra
1207 2256 1209 2259 ·

78 2318 154 2370 rioquc
169 2323 253 2355 tantum
269 2307 387 2362 neglexerit
403 2306 492 2347 nullus
486 2307 565 2347 iccirco
582 2305 668 2356 dubito,
696 2307 746 2361 quia
762 2319 817 2361 quae
833 2307 856 2345 in
868 2305 971 2347 Versione
985 2305 1080 2360 simplice
1092 2306 1158 2366 bodie

80 2384 244 2439 desiderantur,
250 2377 387 2422 multifariam
400 2387 524 2431 compensat
538 2376 644 2433 aliisque'
638 2392 660 2417 ιιι
673 2376 726 2418 locis
739 2379 828 2432 quaein
841 2366 952 2419 uerborum
964 2388 1111 2420 contextorum
1124 2393 1158 2420 ac-

81 2455 254 2499 commodatione
269 2451 373 2509 neglexit,
403 2449 511 2490 tamenin
526 2448 615 2490 Scltcliis
632 2450 687 2490 varie
703 2449 802 2504 suggerit.
845 2450 865 2500 a)
877 2450 971 2488 Primum
987 2452 1044 2490 enim
1055 2450 1158 2508 verba—in

66 2524 183 2572 {Versione
193 2525 294 2580 simplice,
310 2534 334 2564 ut
345 2521 411 2563 hodie
425 2531 497 2570 exstat,
515 2520 570 2561 male
581 2522 664 2570 omissa,
680 2533 746 2574 saepe
760 2518 848 2599 papllo
841 2529 951 2578 immutata
964 2521 986 2561 in
996 2521 1085 2563 Scholiis
1096 2519 1158 2563 affert

80 2603 150 2655 nsque
160 2598 260 2652 implicat
292 2597 364 2636 Amos
377 2594 402 2645 5,
415 2594 436 2634 5
453 2582 521 2649 ipsoi.
543 2605 566 2640 2,
581 2591 615 2631 ι5
629 2584 697 2636 illzc
711 2602 733 2634 et
751 2583 820 2646 qis..
851 2592 903 2631 Hos
917 2591 941 2642 5,
955 2584 1042 2639 astrol.
1043 2588 1061 2629 Ξ
1081 2582 1157 2642 ibam,

81 2666 186 2714 Erech
173 2683 199 2719 5,
213 2682 232 2708 2.
246 2657 344 2716 'insfves
377 2679 478 2725 7,19
472 2657 538 2707 dul
526 2678 562 2724 ‘²²3
547 2655 625 2701 marck
639 2637 751 2723 ιἰιιιιιίι.
783 2663 824 2714 30,
836 2666 868 2710 4.
873 2654 947 2704 aalide.
958 2659 1052 2725 (inraso.
1083 2664 1157 2706 Ierem.

83 2743 124 2794 50,
137 2746 157 2787 4.
175 2753 264 2803 <sum
259 2727 445 2785 ὄσισιᾷχίιικιξιι.
479 2739 551 2790 49,2
550 2692 721 2792 &mmm
749 2735 787 2787 16,
802 2749 838 2774 21
853 2725 976 2796 „comaga
992 2732 1035 2794 „pl
1046 2731 1090 2796 ιιι]
1106 2728 1157 2786 dull
