2449 3056
77 159 90 197 4
161 172 162 176 ’
521 154 715 194 Pnoourtruur.
758 201 760 208 ,

77 262 191 313 verrendis
204 280 308 320 versatus,
330 270 375 311 Arii
384 270 526 331 divisionem,
550 270 697 313 confusionem
710 272 810 323 sabellii,
825 273 952 328 Apollinaris
965 275 1089 328 opinionem
1102 274 1159 315 dcte-

77 355 142 384 status
155 355 194 391 est,
210 343 315 384 Auomios
327 345 436 397 repressit,
453 344 558 382 Novarum
573 345 676 394 convicit,
698 344 835 385 Manichaeos
849 349 937 396 taxavit,
959 345 1100 386 Bardesanem
1113 360 1159 400 per-

75 409 168 462 strinxit,
186 413 316 455 ludaeorum
327 414 525 469 Chaldaeorumque
536 414 600 469 longe
611 427 734 470 pervagatos
750 418 869 470 acriterque
887 418 976 471 agitatos
990 431 1071 458 errores
1086 431 1159 457 maxu-

42 482 44 487 ⁴
77 498 165 539 mopere
176 488 315 544 impugnavit·
346 487 373 526 At
384 485 438 526 adeo
448 484 528 525 summa
540 485 580 526 fuit
590 486 746 526 Edessenorum
761 477 890 540 pervicacia,
908 497 932 527 ut
945 502 990 527 non
1002 490 1157 529 correctionem

15 570 17 576 ’
75 559 145 598 minus
159 556 250 606 Ferrent,
267 557 304 598 sed
315 571 389 598 manus
402 560 422 599 ei
435 556 538 597 inlerrent
551 571 643 613 eumque
655 558 709 598 'urbe
724 560 832 599 eiicerent.
864 560 926 599 Nunc
940 561 1016 600 iterum
1027 561 1050 599 in
1062 557 1157 600 solitudi-

75 643 125 671 nem
141 629 198 669 abiit⁴
231 631 282 668 Mox
294 622 354 677 vero,
371 628 441 668 Basilii
454 631 570 669 Caesareae
583 631 684 682 Episcopi
693 628 761 679 fama,
777 632 800 670 in
812 630 856 671 dies
868 631 934 685 magis
947 641 1019 681 aucta,
1037 643 1063 672 eo
1076 628 1156 671 est'ad-

77 701 165 749 ductus,
182 712 205 739 ut
216 699 414 754 suscipiendumad
428 699 487 740 illum
498 702 537 739 iter
549 701 662 754 cogitaret,
686 700 742 755 quod
756 692 827 741 'tarnen
839 702 938 753 distulit,
946 716 1010 756 quum
1022 712 1085 742 antea
1099 699 1155 740 aliud

75 774 103 813 ad
118 774 230 827 Aegyptios
242 782 326 825 pararet
338 782 359 811 et
371 775 425 812 mari
437 771 578 826 procellisque
590 770 679 812 feliciter
693 771 794 824 superatis
806 774 828 812 in
842 772 960 827 Aegyptum
976 772 1094 821 adveniret,
1118 770 1156 811 ubi

32 886 33 891 ,
73 843 210 888 sermonibus
226 835 371 898 Homiliisque
386 845 509 898 aegyptiace
526 844 608 896 scriptis
623 841 779 883 haereticorum
797 857 877 884 errores
892 843 1038 898 impugnando
1056 844 1155 897 perstrin·
1175 846 1179 909 .’

73 914 142 970 niti).
173 918 218 957 Iam
231 928 280 957 vero
289 913 431 968 Ephraemus,
448 916 508 954 annis
522 925 572 954 octo
584 917 673 965 exactis,
690 928 716 956 ex
730 929 772 969 quo
784 926 880 969 tempore
892 914 919 955 ad
930 916 1044 969 Aegyptios
1056 915 1154 962 venisset,

72 1003 115 1029 una
128 1001 175 1029 cum
189 974 317 1042 interprete,
344 986 470 1027 Caesaream
483 985 633 1039 Cappadociae
646 985 720 1027 urbem
733 997 764 1026 est
780 986 898 1041 profectus,
921 986 1053 1026 utBasilium
1070 987 1154 1026 viseret.

55 1078 58 1085 ⁴
72 1060 164 1101 Advenit
179 1060 306 1099 Caesaream
313 1055 341 1111 ¹⁶)
346 1088 351 1108 ,
370 1056 407 1097 ubi
419 1056 505 1097 Basilius
521 1044 606 1096 diaconi
620 1070 708 1096 munere
721 1057 873 1111 Ephraemum,
897 1058 1013 1112 presbyteri
1027 1056 1153 1110 discipulum

72 1134 129 1180 eius,
147 1133 184 1185 qui
195 1133 333 1183 interpretem
347 1127 432 1183 agebat,
457 1117 578 1180 ornavitff).
611 1130 681 1181 Quum
699 1139 768 1168 autern
785 1139 872 1169 manum
889 1131 908 1169 ei
926 1131 1060 1182 imposuisset
1073 1127 1152 1167 formu-

71 1204 158 1258 lamque
172 1201 310 1242 ordinationis
324 1202 443 1248 recitasset,
467 1201 516 1240 Deo
528 1199 686 1249 intercedente,
706 1201 724 1239 si
738 1199 823 1254 quidem
838 1201 951 1251 Anonymo
966 1199 1030 1240 fidem
1042 1198 1151 1247 habemus,

70 1275 141 1316 subito
155 1273 236 1321 evenit,
254 1283 278 1313 ut
291 1271 377 1312 Basilius
391 1271 506 1312 diaconum
519 1266 600 1321 syriace
613 1269 760 1323 compellaret,
776 1270 906 1325 Ephraemus
918 1274 938 1313 ei
951 1286 1026 1326 graece
1038 1269 1152 1324 responde-

69 1357 113 1396 ret,
142 1348 180 1386 etsi
195 1357 267 1398 neque
288 1343 324 1384 ille
344 1356 415 1398 neque
432 1341 562 1395 Ephraemus
579 1341 641 1382 huius
662 1341 757 1395 linguae,
789 1356 829 1395 qua
849 1357 907 1382 nunc
924 1342 1037 1382 utebantur
1055 1352 1150 1394 uterque,

69 1418 179 1460 scientiam
194 1415 364 1471 qualemcunque
376 1412 416 1453 sibi
431 1423 596 1465 comparassent.
628 1411 670 1452 Sed
687 1414 759 1466 paucis
773 1410 845 1452 diebus
861 1422 910 1465 post
925 1425 994 1453 norae
1008 1413 1051 1451 iam
1065 1420 1151 1451 exortae

67 1491 165 1531 haereses
180 1501 229 1528 eum
239 1485 341 1526 Edessam
355 1493 488 1525 revocarunt.

125 1620 146 1661 4.
177 1612 221 1655 Sed
234 1624 321 1653 necesse
341 1621 383 1659 est,
412 1619 526 1662 antequam
542 1605 667 1660 dereliqua
680 1604 846 1659 Ephraemivita
861 1605 972 1656 disseram,
988 1619 1058 1647 meam
1073 1608 1150 1646 oratio-

69 1702 118 1728 nem
132 1700 144 1726 a
159 1686 291 1739 praescripta
307 1684 340 1724 via
355 1679 470 1735 aliquando
485 1678 594 1719 devertere
609 1676 670 1718 etad
687 1676 748 1717 aliam
762 1677 878 1727 declinare,
898 1692 941 1732 qua
951 1692 976 1718 ea
989 1678 1084 1733 quaestio
1097 1676 1149 1717 mihi

67 1756 184 1812 aperienda
194 1757 243 1805 erit,
261 1764 336 1792 stitture
348 1753 439 1806 lirtgucc
450 1764 547 1804 graecae
560 1750 674 1788 scientioris
688 1747 791 1786 studuerit
802 1749 951 1802 Ephmerrtus,
968 1764 999 1787 un
1011 1763 1056 1787 nort
1068 1748 1148 1787 habite·

28 1862 30 1865 .
67 1831 115 1868 rit?
138 1828 240 1884 quoniam
250 1824 318 1876 illam,
332 1836 398 1877 saepe
408 1824 450 1873 iam
461 1821 602 1875 propositam,
620 1830 677 1860 arcte
690 1833 738 1860 cum
748 1818 790 1860 hoc
800 1820 869 1861 Basilii
879 1831 899 1862 et
908 1819 1022 1874 Ephraemi
1034 1833 1148 1875 congressu

68 1939 184 1963 ...ἑο-..-

105 2028 134 2058 cilo
142 2014 231 2064 intelliges,
246 2026 267 2053 ita
282 2032 315 2053 esse
329 2027 435 2062 comparatos,
451 2027 469 2048 ut
483 2021 528 2057 quasi
540 2026 572 2060 prro
583 2025 636 2046 tenore
647 2017 732 2056 conscripti
742 2016 831 2051 videantur,
850 2027 878 2046 nec
889 2015 1000 2045 unumlocnm
1011 2015 1102 2051 exhibeant,
1115 2025 1146 2053 qiro

105 2085 133 2106 ant
142 2086 208 2106 cessasse
219 2082 234 2104 et
248 2076 293 2112 quasi
305 2074 398 2110 respirasse,
415 2070 431 2099 id
441 2070 483 2106 quod
498 2060 544 2097 certo'
554 2067 617 2105 quidem
633 2076 695 2106 perraro
710 2066 777 2101 accidat,
796 2074 849 2094 auctor
863 2065 946 2098 manifesto
958 2068 1064 2096 convineatur.
1083 2066 1147 2094 Accedit

105 2125 212 2158 etiamtunc,
226 2125 267 2161 qnod
279 2121 392 2160 discipulorum
403 2129 449 2149 eausa
459 2117 531 2157 exempla
542 2117 619 2146 debebant
630 2123 665 2145 ante
675 2115 728 2144 oculos
739 2117 777 2155 poni
788 2108 856 2151 (e'tenim
867 2117 972 2158 interpretum
982 2118 1023 2144 inter
1034 2116 1079 2152 Syros
1090 2115 1146 2153 princi·
1193 2117 1195 2120 '

103 2186 141 2216 pem
148 2175 256 2216 Ephraemum
265 2171 381 2211 eognovimm)
391 2171 447 2207 quibus
457 2167 557 2197 efficerentur
563 2170 655 2206 interpretes
667 2175 676 2194 a
686 2167 779 2204 praestantia
788 2163 881 2197 laudabiles,
893 2165 933 2203 quod
944 2172 998 2207 postea
1007 2165 1077 2195 videmus
1087 2157 1146 2193 lictum

102 2236 135 2256 esee
146 2229 162 2255 in
173 2225 214 2259 illis,
229 2225 290 2263 quippe
299 2225 332 2252 eius
343 2220 406 2251 scholae
417 2222 511 2259 interpretes
521 2226 582 2248 summa
593 2223 655 2256 praeter
666 2222 725 2244 ceteros
735 2212 778 2243 lama
788 2213 899 2246 excelluerunt.

52 2332 54 2335 v
86 2304 145 2352 15)⁰ht
155 2315 173 2343 de
182 2315 237 2343 itinere
251 2314 268 2342 in
278 2312 377 2350 Aegyptum,
391 2308 433 2346 quod
443 2308 534 2344 Anonymne
547 2303 574 2332 hic
586 2303 680 2342 interponit,
695 2302 739 2330 omni
752 2303 786 2330 iure
798 2302 891 2339 ambiguum
909 2302 983 2330 nimirum
994 2300 1036 2341 apud
1047 2309 1099 2330 omnes
1109 2301 1145 2331 rell-

103 2374 142 2402 qnos
154 2366 237 2403 scriptores
250 2362 318 2391 narratio
330 2360 349 2389 de
359 2359 423 2397 liuguae
434 2358 498 2387 scientia
512 2363 527 2385 et
537 2356 592 2384 itinere
601 2351 686 2392 Ephraemi
699 2353 716 2380 in
725 2353 813 2391 Aegyptum
827 2351 928 2388 desideratur,
947 2351 993 2379 Haud
1007 2361 1044 2380 sane
1053 2353 1085 2381 scio
1096 2361 1115 2380 an
1127 2360 1145 2380 eo
1192 2368 1194 2370 v

103 2417 174 2446 ortasii,
185 2413 227 2451 quod
241 2411 295 2447 multi,
312 2412 340 2449 qui
350 2407 436 2449 Ephraemi
449 2408 508 2445 scriptu
523 2405 612 2442 aegyptiace
624 2404 671 2432 ctiam
685 2409 745 2430 exstare
759 2402 875 2439 cognovissent,
892 2401 989 2435 dubitarent,
1003 2410 1023 2430 an
1032 2403 1066 2441 ipse
1077 2400 1145 2441 Ephrae·

103 2474 137 2492 mus
154 2473 171 2492 ea
190 2464 279 2501 aegyptiace
296 2461 418 2500 composuisset,
438 2466 468 2494 quo
482 2454 542 2484 iactum
557 2461 587 2489 est,
607 2460 625 2482 ut
642 2460 727 2489 utrumque
741 2450 781 2481 illud
796 2453 810 2481 ei
823 2450 918 2489 allingerent,
942 2452 963 2479 stt
981 2451 1049 2483 videsis
1063 2453 1143 2480 essenis.

101 2518 117 2545 B,
131 2515 148 2545 0,
163 2516 175 2545 1,
187 2524 202 2553 p.
211 2521 235 2550 41.
245 2519 278 2541 not.

82 2595 112 2634 16)
122 2592 196 2622 Meminit
206 2592 303 2620 Sozomenus
312 2588 340 2616 llli
350 2590 373 2620 16.
383 2587 430 2617 huius
442 2594 534 2624 congressus
544 2583 591 2620 idque
602 2589 633 2610 astte
644 2582 752 2620 episcopatum
763 2577 816 2608 Basilii
828 2577 881 2615 (initio
892 2587 905 2607 a.
913 2585 945 2636 37p.
956 2576 976 2611 ei,
985 2579 1060 2607 crisin
1071 2574 1143 2632 adffflsss'

98 2647 120 2678 M
131 2646 172 2682 opp,
185 2642 229 2670 Tum.
239 2641 266 2668 lii.
276 2635 325 2669 Praei,
337 2646 370 2676 cap,
383 2638 454 2674 13.1V.].
473 2638 501 2665 an
512 2636 564 2665 euim,
578 2630 643 2664 Basilio,
657 2638 694 2670 post
705 2631 790 2658 Caesareae
800 2630 873 2668 episcopo
886 2622 938 2668 (μετα
950 2627 1003 2659 ταῦτα
1016 2622 1143 2684 lctcuonrpcng)

99 2696 204 2727 eruditionem
214 2689 297 2729 Eplrruemi
307 2686 358 2716 luisse
368 2687 472 2716 admirationi

81 2777 109 2813 17)
124 2775 173 2803 Adeas
184 2773 241 2801 essm.
255 2767 274 2796 ad
284 2764 332 2806 Ephr,
347 2766 388 2805 Opp,
399 2772 454 2802 graeca
465 2766 476 2795 Ι,
490 2761 559 2799 Prolepg.
570 2770 586 2800 p,
595 2763 608 2792 s.
621 2765 636 2788 et
647 2758 674 2788 iii.
686 2755 755 2794 Prolegg.
767 2765 782 2795 p,
791 2762 815 2793 45.
