2449 3056
266 187 316 226 Gis.
326 186 342 226 Ι.
374 186 410 224 Da
435 185 542 225 Versieue
564 181 592 222 eh
612 180 740 237 Ephraemo
760 186 869 218 tractata.
1088 189 1113 227 17

19 304 91 350 tamen
105 307 273 360 corruptionem
292 305 413 358 negaverint
430 303 530 351 omnino,
549 301 650 355 quoniam
664 295 762 351 profecto
780 297 802 335 in
816 294 914 335 omnibus
926 308 966 348 pro
980 307 1003 334 re
1018 291 1111 333 advectis

20 378 120 432 exentplis
143 381 169 434 (a
186 380 279 419 Srorturo
301 389 321 429 p.
335 381 370 428 47.
390 376 443 428 48),
470 375 513 412 uisi
528 372 593 426 sorte
613 386 628 410 cr
646 372 726 426 [lastels
747 368 853 422 eaenrph's
874 368 1025 413 discedamus,
1058 364 1111 405 nihil

19 463 103 507 praeter
119 451 237 491 solemnem
254 448 311 487 illam
330 459 394 503 atque
413 449 510 487 usitatam
528 454 610 485 textum
630 442 736 483 excitandi
757 433 885 488 rationem,>
899 438 952 478 nihil
974 448 1058 491 praeter
1079 437 1107 478 le-

19 525 100 563 ctiones
118 521 231 561 nonnullas
248 519 356 560 Chaldaeo
373 533 423 559 casu
444 531 559 572 congruas,
584 513 637 554 mihi
648 514 721 555 videre
734 512 819 561 videor3
843 524 884 551 nec
896 512 956 549 istam
972 512 1107 563 nugatorium

17 597 140 648 ineptorum
149 593 260 633 hominurn
273 600 368 631 mentem
382 603 492 644 assequor,
510 591 545 643 qui
561 585 665 628 eiusmodi
679 588 838 638 corruptionem
849 584 872 622 in
884 583 971 622 minutis
983 592 1064 621 tanturn
1075 595 1107 622 re-

19 666 56 706 bus
67 665 160 714 obviant,
176 663 240 705 finem
251 645 454 715 sibi'proponerenr.
476 663 547 715 Atque
559 659 613 700 adeo
626 657 688 708 illud,
707 656 856 712 quodEvouro
866 655 977 695 Aesernino
998 652 1105 702 (inl'rnel.

18 736 45 776 ad
58 738 114 789 Opp.
125 735 189 789 Ephr.
199 738 214 774 I.
229 749 249 789 p.
262 734 282 774 5.
302 735 326 772 tt.
344 747 363 786 p.
379 732 426 787 21.)
444 732 532 787 aliisque
551 733 635 787 egregie
651 729 741 782 placuit,
765 727 864 769 videlicet
881 725 1002 778 Epitraerno
1020 724 1108 780 linguae

18 806 134 849 chaldaeae
146 809 256 848 scientiam
268 805 343 854 fuisse,
360 803 500 844 refellendum
513 814 572 858 puto.
605 803 686 841 Omnes
699 810 770 841 autem
782 797 826 840 iere
839 798 894 847 loci,
912 800 934 837 in
947 796 1022 852 quibus
1035 797 1106 836 simili-

17 879 68 920 tudo
83 878 186 934 quaedam
196 878 330 918 intercedere
339 875 428 920 videtur,
447 874 509 914 aliam
520 873 683 927 explicationem
695 872 814 912 admittunt.
846 871 912 910 Levit.
927 874 960 929 Il’
974 868 1009 909 50.
1022 873 1065 920 m„
1076 857 1106 920 ¹732

17 955 77 1003 Uilli,
102 951 146 1002 Syr.
159 942 201 995 liiii
222 941 282 994 litdn
298 951 321 987 iu
339 950 404 1002 oqzris
422 948 492 990 orieris,
515 947 546 985 sic
564 946 627 985 LXX.
643 944 704 999 Vulg.
738 945 817 983 Contra
832 941 895 994 Ephr.
909 933 998 989 lisoiohu
1019 933 1058 987 liii
1074 935 1104 981 llev

17 1025 30 1062 i.
43 1036 62 1062 e.
84 1036 148 1075 super·
163 1008 233 1074 apicas
249 1021 401 1073 scaturiginis,
427 1021 458 1058 sic
474 1016 547 1058 Chald.
566 1021 622 1067 iiiii}
639 1021 691 1069 Ἓξ.
724 1013 965 1066 AtenimEplrraenms
980 1012 1031 1052 nihil
1046 1012 1104 1053 aliud

17 1108 80 1148 quam
90 1093 176 1132 verbum
189 1090 294 1131 difficilius
304 1092 460 1144 interpretatus,
479 1073 544 1143 aquas
560 1091 615 1126 virne
628 1089 716 1126 mutavit
729 1100 777 1125 curn
788 1087 847 1140 aquis
861 1081 992 1136 scaturiginis
1004 1098 1021 1124 s.
1036 1083 1101 1125 fontis

16 1164 114 1218 adeoque
132 1163 218 1203 verbum
239 1164 356 1215 usurpavit,
385 1163 444 1200 cuins
461 1162 543 1199 notatio
563 1172 663 1212 magnum
679 1160 698 1198 ei
712 1156 782 1197 attulit
796 1156 951 1195 adiumentum.
967 1180 994 1188 -
1026 1157 1101 1196 Ierem.

15 1236 40 1283 6,
56 1250 76 1288 7.
93 1236 137 1286 Syr.
153 1227 221 1280 llinis
230 1227 290 1272 dinis
304 1234 412 1286 congessit·
424 1232 543 1271 rrtolitiam.
575 1229 639 1283 Ephr.
652 1232 676 1269 ΙΙ.
690 1243 711 1283 p.
726 1244 775 1268 111.
791 1230 947 1268 incrementum
962 1229 1050 1269 arcessit
1061 1229 1100 1267 sic:

16 1298 90 1364 his&
102 1298 179 1344 hidulfo
196 1297 256 1343 ailo
269 1303 480 1359 congessitfi'eudes
492 1304 576 1342 strutio
597 1303 730 1341 mecliotuc.
761 1301 814 1339 Item
827 1298 976 1352 paraphrastes
991 1301 1100 1354 apposuit:

14 1381 76 1430 '‘llldr
94 1379 152 1431 etqui
166 1390 216 1416 vero
229 1378 300 1414 orunia
313 1375 394 1429 reliqua
406 1375 462 1426 apud
475 1374 567 1415 eundern
579 1371 605 1412 ab
617 1372 717 1413 Hebraeo
732 1382 753 1413 et
768 1370 866 1411 omnibus
881 1372 923 1412 Vss.
935 1370 1057 1424 longissime
1068 1386 1100 1412 re-

15 1446 100 1487 cedunt.
131 1446 221 1505 Accedit
232 1447 296 1484 etiam
306 1444 370 1494 illud,
389 1444 446 1498 qnod
459 1445 513 1484 illius
526 1444 583 1484 verbi
594 1445 616 1482 in
627 1443 714 1484 Sclrolio
725 1445 830 1483 rationem
844 1442 917 1491 habet,
936 1442 993 1481 unde
1006 1457 1032 1482 ex
1044 1443 1098 1483 arbi-

14 1518 55 1558 trio
76 1516 180 1556 adscitum
198 1530 243 1556 esse
259 1527 328 1569 patet,
349 1529 419 1570 neque
433 1518 489 1567 enirn
503 1513 604 1554 credibile
623 1525 663 1562 est,
686 1513 737 1554 illud
752 1516 775 1553 in
789 1513 864 1554 codice
876 1513 985 1553 Versicnis
997 1514 1098 1567 simplicis

15 1588 41 1627 ab
55 1587 174 1641 Ephraemo
189 1587 268 1627 lectum
283 1586 353 1627 fuisse.
363 1612 390 1618 —
406 1588 480 1626 lerenr.
493 1585 516 1635 5,
530 1587 550 1625 6.
566 1582 641 1640 D'l'l'u'ff
653 1585 697 1637 Syr.
708 1578 789 1646 <isim
804 1584 951 1624 trucidabunt
963 1585 1099 1627 eosssshald.

14 1656 105 1716 patrita}
117 1670 140 1698 ut
152 1657 216 1711 Ephr.
227 1652 302 1718 pilelas
313 1658 440 1711 spoliabunt
451 1673 493 1698 eos.
502 1678 529 1685 -
547 1659 585 1698 les.
595 1671 630 1709 29,
643 1671 676 1696 ro.
690 1650 775 1706 lltsfsl
784 1649 836 1702 linei
847 1658 950 1710 spr'rz‘uuu
963 1659 1096 1697 imruersum.

13 1731 77 1785 Ephr.
89 1723 154 1779 llige
165 1723 212 1777 ilsol
227 1731 327 1784 spiritum
340 1739 453 1768 errruuem
464 1731 495 1768 sic
507 1728 580 1769 Cltald.
596 1732 651 1782 tyto]
663 1732 712 1778 [th.
743 1727 806 1768 Haud
819 1742 870 1769 sane
882 1730 959 1779 sciam,
977 1742 1005 1768 an
1017 1739 1098 1770 utrum-

14 1816 56 1858 que
67 1804 207 1856 posteriorem
223 1800 295 1840 locum
314 1792 399 1840 librario
415 1799 500 1841 debeas.

69 1957 90 1996 6.
122 1958 188 1996 Porro
202 1956 291 1997 crimine
309 1969 415 1997 arcessere
429 1955 491 1996 nobis
505 1967 536 1996 est
550 1958 702 2010 praescriptum
721 1968 767 2004 eos,
792 1957 831 2010 cui
847 1964 935 1995 teatrum
948 1955 1095 2012 Epluuenu'a-

13 2043 66 2068 nictu
80 2042 108 2067 ete
118 2030 165 2082 ipso
173 2028 242 2080 ferite
255 2027 351 2066 hebraeo
366 2031 510 2067 iniuratorum
523 2031 619 2084 opinati,
637 2027 671 2068 alii
685 2027 828 2068 emendatoris
842 2039 911 2081 partes
920 2030 959 2081 ipsi
972 2030 1093 2084 Ephraemo

13 2099 141 2147 tribuerunt,
160 2098 194 2138 alii
209 2114 243 2139 eas
254 2099 343 2139 librariis
356 2102 503 2153 imposuerunt
518 2101 607 2152 (taurin.
621 2113 641 2153 p.
653 2100 701 2147 80).
718 2099 746 2139 At
758 2100 822 2153 signis
836 2102 894 2139 omni
907 2099 955 2141 luce
969 2101 1094 2144 clarioribus

13 2173 101 2213 crimina
110 2170 236 2211 refellemus.
262 2172 306 2210 Etsi
315 2173 371 2210 enirn
381 2173 495 2226 unicuique
508 2171 609 2224 perfacile
619 2182 650 2231 est
658 2171 691 2210 isti
700 2169 749 2211 loco
759 2170 896 2224 respondere,
909 2172 960 2212 mihi
970 2178 1092 2227 praesertim

12 2254 93 2292 tamen,
114 2257 176 2297 quern
188 2242 308 2295 Ephraemo
320 2242 399 2282 nullam
411 2242 524 2283 hebraicae
536 2242 620 2297 linguae
631 2244 742 2282 scientiam
755 2240 829 2293 luisse,
850 2246 977 2298 argumentis
991 2244 1091 2297 probatu-

11 2329 58 2355 rum
68 2317 207 2368 cognoscetis.
224 2315 256 2354 Ac
264 2312 326 2354 facile
334 2314 462 2369 intelligitur,
480 2316 515 2369 qui
523 2314 577 2354 istud
586 2312 640 2354 falso
651 2312 690 2353 sibi
700 2316 880 2367 praesumpsisset,
896 2315 1092 2370 videlicetEplrrae-·

10 2400 68 2426 mum
89 2388 169 2437 optime
190 2385 290 2426 hebraice
308 2388 404 2436 scivisse,
428 2400 476 2426 eum
496 2385 522 2425 ad
541 2385 597 2425 hanc
615 2384 702 2425 alteram
721 2400 762 2427 nec
781 2388 849 2427 minus
868 2385 941 2426 falsam
958 2389 1090 2440 opinionem,

10 2457 151 2511 Ephraemnm
163 2457 244 2499 scilicet
256 2459 381 2499 Versionem
398 2472 424 2499 ex
436 2456 534 2497 Hebraeo
548 2456 697 2510 interpolasse,
717 2457 781 2499 facile
797 2458 864 2510 abripi
878 2461 978 2510 potuisse.
1010 2459 1091 2502 Verum

9 2532 26 2569 si
41 2532 86 2585 quis
100 2539 141 2577 cst,
160 2531 195 2582 qui
208 2528 305 2570 librarios
316 2530 371 2570 istud
384 2544 460 2570 munus
473 2531 594 2569 sustinuisse
607 2540 680 2582 putet,
700 2544 749 2569 eum
762 2515 895 2569 admonitum
908 2530 967 2579 volo,
984 2528 1044 2582 fore,
1066 2544 1090 2573 ut

10 2604 132 2656 quicunqne
146 2599 256 2655 diligenter
269 2601 394 2652 attenderit,
415 2604 432 2642 is
446 2601 490 2642 illic
503 2600 539 2642 ubi
553 2603 620 2641 nostri
633 2602 650 2641 V
652 2604 739 2642 arsionis
751 2600 852 2654 simplicis
864 2600 912 2642 libri
924 2601 980 2642 male
993 2601 1088 2654 haerent,
1106 2649 1108 2651 ,

9 2672 60 2712 alios
78 2683 149 2714 tamen
165 2671 255 2713 Codices
268 2688 279 2712 a
293 2676 428 2714 Tuonamcro
442 2685 462 2714 et
474 2675 529 2713 Leuo
545 2673 632 2714 collatos
648 2673 694 2728 plus
712 2674 792 2713 centies
808 2687 856 2714 cnm
869 2671 989 2727 Ephraemo
1004 2675 1030 2716 ad
1045 2689 1089 2716 ver-

8 2743 60 2784 bum
77 2747 192 2787 convenire
207 2742 320 2800 intelligat,
343 2745 389 2801 plus
407 2748 486 2788 centies
506 2748 569 2787 etiarn
582 2745 696 2802 Ephraemi
715 2744 887 2801 explanationem
905 2755 948 2787 tam
965 2756 1022 2787 arcte
1040 2747 1098 2787 cum
