<?xml version="1.0" encoding="UTF-8"?>
<!DOCTYPE html PUBLIC "-//W3C//DTD XHTML 1.0 Transitional//EN"
    "http://www.w3.org/TR/xhtml1/DTD/xhtml1-transitional.dtd">
<html xmlns="http://www.w3.org/1999/xhtml" xml:lang="en" lang="en">
 <head>
  <title>
</title>
<meta http-equiv="Content-Type" content="text/html;charset=utf-8" />
  <meta name='ocr-system' content='tesseract 3.04.00' />
  <meta name='ocr-capabilities' content='ocr_page ocr_carea ocr_par ocr_line ocrx_word'/>
</head>
<body>
  <div class='ocr_page' id='page_1' title='image "./MN41653ucmf_6_0036.png"; bbox 0 0 2449 3056; ppageno 0'>
   <div class='ocr_carea' id='block_1_1' title="bbox 83 161 880 229">
    <p class='ocr_par' dir='ltr' id='par_1_1' title="bbox 83 161 880 229">
     <span class='ocr_line' id='line_1_1' title="bbox 83 161 880 229; baseline -0.001 -18"><span class='ocrx_word' id='word_1_1' title='bbox 83 186 109 211; x_wconf 83' lang='lat'>12</span> <span class='ocrx_word' id='word_1_2' title='bbox 207 226 209 229; x_wconf 88' lang='lat'>.</span> <span class='ocrx_word' id='word_1_3' title='bbox 352 161 401 210; x_wconf 80' lang='lat' dir='ltr'>LlB.</span> <span class='ocrx_word' id='word_1_4' title='bbox 409 171 426 209; x_wconf 92' lang='lat' dir='ltr'>I.</span> <span class='ocrx_word' id='word_1_5' title='bbox 458 171 494 211; x_wconf 84' lang='lat' dir='ltr'>De</span> <span class='ocrx_word' id='word_1_6' title='bbox 512 173 591 210; x_wconf 68' lang='lat' dir='ltr'>utnon</span> <span class='ocrx_word' id='word_1_7' title='bbox 607 173 695 211; x_wconf 80' lang='lat' dir='ltr'>ratione</span> <span class='ocrx_word' id='word_1_8' title='bbox 711 180 785 211; x_wconf 81' lang='lat' dir='ltr'>textus</span> <span class='ocrx_word' id='word_1_9' title='bbox 800 170 880 212; x_wconf 76' lang='lat' dir='ltr'><em>biblici.</em></span> 
     </span>
    </p>
   </div>
   <div class='ocr_carea' id='block_1_2' title="bbox 81 278 1180 476">
    <p class='ocr_par' dir='ltr' id='par_1_2' title="bbox 81 278 1180 476">
     <span class='ocr_line' id='line_1_2' title="bbox 81 278 1180 349; baseline -0.001 -16"><span class='ocrx_word' id='word_1_10' title='bbox 81 294 139 349; x_wconf 76' lang='lat' dir='ltr'>erit,</span> <span class='ocrx_word' id='word_1_11' title='bbox 153 304 181 333; x_wconf 89' lang='lat' dir='ltr'>ne</span> <span class='ocrx_word' id='word_1_12' title='bbox 195 288 249 330; x_wconf 87' lang='lat' dir='ltr'>forte</span> <span class='ocrx_word' id='word_1_13' title='bbox 261 288 395 338; x_wconf 84' lang='lat' dir='ltr'>existimetis,</span> <span class='ocrx_word' id='word_1_14' title='bbox 420 286 563 342; x_wconf 85' lang='lat' dir='ltr'>Ephraemum</span> <span class='ocrx_word' id='word_1_15' title='bbox 577 288 680 330; x_wconf 83' lang='lat' dir='ltr'>Versione</span> <span class='ocrx_word' id='word_1_16' title='bbox 695 289 790 346; x_wconf 73' lang='lat' dir='ltr'>simplicp</span> <span class='ocrx_word' id='word_1_17' title='bbox 807 303 875 345; x_wconf 85' lang='lat' dir='ltr'>eaque</span> <span class='ocrx_word' id='word_1_18' title='bbox 887 289 966 344; x_wconf 75' lang='lat' dir='ltr'>graecis</span> <span class='ocrx_word' id='word_1_19' title='bbox 981 282 1086 346; x_wconf 76' lang='lat' dir='ltr'>coloribus</span> <span class='ocrx_word' id='word_1_20' title='bbox 1101 292 1158 332; x_wconf 80' lang='lat' dir='ltr'>varie</span> <span class='ocrx_word' id='word_1_21' title='bbox 1178 278 1180 280; x_wconf 77' lang='lat'>.</span> 
     </span>
     <span class='ocr_line' id='line_1_3' title="bbox 81 357 1157 418; baseline 0.001 -16"><span class='ocrx_word' id='word_1_22' title='bbox 81 361 151 406; x_wconf 77' lang='lat' dir='ltr'>inuata</span> <span class='ocrx_word' id='word_1_23' title='bbox 168 358 319 411; x_wconf 67' lang='lat' dir='ltr'>tremuisse,</span> <span class='ocrx_word' id='word_1_24' title='bbox 340 358 406 401; x_wconf 77' lang='lat' dir='ltr'>¹huius</span> <span class='ocrx_word' id='word_1_25' title='bbox 426 357 483 401; x_wconf 90' lang='lat' dir='ltr'>enim</span> <span class='ocrx_word' id='word_1_26' title='bbox 500 360 607 402; x_wconf 84' lang='lat' dir='ltr'>Versionis</span> <span class='ocrx_word' id='word_1_27' title='bbox 622 359 645 401; x_wconf 90' lang='lat' dir='ltr'>id</span> <span class='ocrx_word' id='word_1_28' title='bbox 664 362 763 415; x_wconf 85' lang='lat' dir='ltr'>temporis</span> <span class='ocrx_word' id='word_1_29' title='bbox 782 359 917 417; x_wconf 79' lang='lat' dir='ltr'>pervulgatae</span> <span class='ocrx_word' id='word_1_30' title='bbox 934 363 1038 403; x_wconf 82' lang='lat' dir='ltr'>memoria</span> <span class='ocrx_word' id='word_1_31' title='bbox 1053 365 1157 418; x_wconf 76' lang='lat' dir='ltr'><strong>nusquam</strong></span> 
     </span>
     <span class='ocr_line' id='line_1_4' title="bbox 82 442 153 476; baseline -0.07 -1"><span class='ocrx_word' id='word_1_32' title='bbox 82 442 153 476; x_wconf 81' lang='lat' dir='ltr'>exstat.</span> 
     </span>
    </p>
   </div>
   <div class='ocr_carea' id='block_1_3' title="bbox 76 540 1210 1458">
    <p class='ocr_par' dir='ltr' id='par_1_3' title="bbox 76 540 1210 1458">
     <span class='ocr_line' id='line_1_5' title="bbox 138 540 1157 608; baseline 0.001 -18"><span class='ocrx_word' id='word_1_33' title='bbox 138 550 159 590; x_wconf 77' lang='lat'>5.</span> <span class='ocrx_word' id='word_1_34' title='bbox 193 549 276 603; x_wconf 81' lang='lat' dir='ltr'>Quodsi</span> <span class='ocrx_word' id='word_1_35' title='bbox 292 551 355 605; x_wconf 79' lang='lat' dir='ltr'>igitur</span> <span class='ocrx_word' id='word_1_36' title='bbox 368 547 494 592; x_wconf 84' lang='lat' dir='ltr'>Vereionem</span> <span class='ocrx_word' id='word_1_37' title='bbox 509 563 572 606; x_wconf 84' lang='lat' dir='ltr'>quam</span> <span class='ocrx_word' id='word_1_38' title='bbox 588 549 644 605; x_wconf 86' lang='lat' dir='ltr'>apud</span> <span class='ocrx_word' id='word_1_39' title='bbox 659 549 800 605; x_wconf 84' lang='lat' dir='ltr'>Ephraemum</span> <span class='ocrx_word' id='word_1_40' title='bbox 813 559 909 607; x_wconf 84' lang='lat' dir='ltr'>tenemus</span> <span class='ocrx_word' id='word_1_41' title='bbox 925 547 1015 592; x_wconf 78' lang='lat' dir='ltr'>eandem</span> <span class='ocrx_word' id='word_1_42' title='bbox 1034 563 1079 591; x_wconf 85' lang='lat' dir='ltr'>esse</span> <span class='ocrx_word' id='word_1_43' title='bbox 1093 540 1157 608; x_wconf 86' lang='lat' dir='ltr'>atque</span> 
     </span>
     <span class='ocr_line' id='line_1_6' title="bbox 80 606 1157 676; baseline 0.001 -14"><span class='ocrx_word' id='word_1_44' title='bbox 80 620 139 662; x_wconf 89' lang='lat' dir='ltr'>illam</span> <span class='ocrx_word' id='word_1_45' title='bbox 151 622 268 676; x_wconf 84' lang='lat' dir='ltr'>simplicem</span> <span class='ocrx_word' id='word_1_46' title='bbox 282 624 331 661; x_wconf 84' lang='lat' dir='ltr'>satis</span> <span class='ocrx_word' id='word_1_47' title='bbox 347 619 400 661; x_wconf 86' lang='lat' dir='ltr'>mihi</span> <span class='ocrx_word' id='word_1_48' title='bbox 409 625 515 676; x_wconf 77' lang='lat' dir='ltr'>aperuisse</span> <span class='ocrx_word' id='word_1_49' title='bbox 532 606 586 662; x_wconf 77' lang='lat' dir='ltr'>risus</span> <span class='ocrx_word' id='word_1_50' title='bbox 600 635 658 671; x_wconf 91' lang='lat' dir='ltr'>sum,</span> <span class='ocrx_word' id='word_1_51' title='bbox 684 620 750 661; x_wconf 86' lang='lat' dir='ltr'>multa</span> <span class='ocrx_word' id='word_1_52' title='bbox 767 632 839 662; x_wconf 85' lang='lat' dir='ltr'>tamen</span> <span class='ocrx_word' id='word_1_53' title='bbox 854 621 915 662; x_wconf 89' lang='lat' dir='ltr'>nobis</span> <span class='ocrx_word' id='word_1_54' title='bbox 930 632 979 662; x_wconf 89' lang='lat' dir='ltr'>sunt</span> <span class='ocrx_word' id='word_1_55' title='bbox 995 619 1077 672; x_wconf 82' lang='lat' dir='ltr'>relicte,</span> <span class='ocrx_word' id='word_1_56' title='bbox 1102 636 1157 676; x_wconf 85' lang='lat' dir='ltr'>quae</span> 
     </span>
     <span class='ocr_line' id='line_1_7' title="bbox 81 691 1210 748; baseline 0 -14"><span class='ocrx_word' id='word_1_57' title='bbox 81 695 224 747; x_wconf 82' lang='lat' dir='ltr'><strong>suspicionem</strong></span> <span class='ocrx_word' id='word_1_58' title='bbox 238 702 340 733; x_wconf 80' lang='lat' dir='ltr'>moveant</span> <span class='ocrx_word' id='word_1_59' title='bbox 354 694 453 748; x_wconf 88' lang='lat' dir='ltr'>virosque</span> <span class='ocrx_word' id='word_1_60' title='bbox 469 691 544 733; x_wconf 81' lang='lat' dir='ltr'>doctos</span> <span class='ocrx_word' id='word_1_61' title='bbox 563 693 593 732; x_wconf 83' lang='lat' dir='ltr'>ita</span> <span class='ocrx_word' id='word_1_62' title='bbox 610 692 740 741; x_wconf 82' lang='lat' dir='ltr'>cruciarunt,</span> <span class='ocrx_word' id='word_1_63' title='bbox 752 695 787 731; x_wconf 72' lang='lat' dir='ltr'>lut</span> <span class='ocrx_word' id='word_1_64' title='bbox 803 691 960 733; x_wconf 88' lang='lat' dir='ltr'>similitudinem</span> <span class='ocrx_word' id='word_1_65' title='bbox 979 692 1086 748; x_wconf 84' lang='lat' dir='ltr'>quandam</span> <span class='ocrx_word' id='word_1_66' title='bbox 1101 694 1156 748; x_wconf 84' lang='lat' dir='ltr'>iuter</span> <span class='ocrx_word' id='word_1_67' title='bbox 1202 731 1210 734; x_wconf 87' lang='lat'>..</span> 
     </span>
     <span class='ocr_line' id='line_1_8' title="bbox 81 754 1157 818; baseline 0.003 -15"><span class='ocrx_word' id='word_1_68' title='bbox 81 754 193 818; x_wconf 77' lang='lat' dir='ltr'>utramque</span> <span class='ocrx_word' id='word_1_69' title='bbox 209 762 297 818; x_wconf 86' lang='lat' dir='ltr'>quidem</span> <span class='ocrx_word' id='word_1_70' title='bbox 317 774 457 818; x_wconf 77' lang='lat' dir='ltr'>agnoscerent</span> <span class='ocrx_word' id='word_1_71' title='bbox 475 763 583 818; x_wconf 85' lang='lat' dir='ltr'>iidemque</span> <span class='ocrx_word' id='word_1_72' title='bbox 599 773 671 803; x_wconf 87' lang='lat' dir='ltr'>tamen</span> <span class='ocrx_word' id='word_1_73' title='bbox 686 772 811 811; x_wconf 78' lang='lat' dir='ltr'>statuerent,</span> <span class='ocrx_word' id='word_1_74' title='bbox 837 761 980 816; x_wconf 86' lang='lat' dir='ltr'>Ephraemum</span> <span class='ocrx_word' id='word_1_75' title='bbox 996 776 1023 804; x_wconf 80' lang='lat' dir='ltr'>ex</span> <span class='ocrx_word' id='word_1_76' title='bbox 1040 777 1115 818; x_wconf 80' lang='lat' dir='ltr'>graeca</span> <span class='ocrx_word' id='word_1_77' title='bbox 1135 774 1157 806; x_wconf 84' lang='lat' dir='ltr'>et</span> 
     </span>
     <span class='ocr_line' id='line_1_9' title="bbox 81 820 1155 891; baseline 0 -16"><span class='ocrx_word' id='word_1_78' title='bbox 81 829 182 875; x_wconf 79' lang='lat' dir='ltr'>chaldaea</span> <span class='ocrx_word' id='word_1_79' title='bbox 196 837 249 891; x_wconf 87' lang='lat' dir='ltr'>quin</span> <span class='ocrx_word' id='word_1_80' title='bbox 264 848 291 876; x_wconf 84' lang='lat' dir='ltr'>ex</span> <span class='ocrx_word' id='word_1_81' title='bbox 305 833 388 889; x_wconf 78' lang='lat' dir='ltr'>vulgata</span> <span class='ocrx_word' id='word_1_82' title='bbox 404 835 508 877; x_wconf 81' lang='lat' dir='ltr'>Versione</span> <span class='ocrx_word' id='word_1_83' title='bbox 526 836 579 875; x_wconf 89' lang='lat' dir='ltr'>mire</span> <span class='ocrx_word' id='word_1_84' title='bbox 597 847 642 875; x_wconf 85' lang='lat' dir='ltr'>esse</span> <span class='ocrx_word' id='word_1_85' title='bbox 657 833 812 889; x_wconf 84' lang='lat' dir='ltr'>interpolatum.</span> <span class='ocrx_word' id='word_1_86' title='bbox 859 832 901 875; x_wconf 83' lang='lat' dir='ltr'>Sed</span> <span class='ocrx_word' id='word_1_87' title='bbox 920 832 963 875; x_wconf 84' lang='lat' dir='ltr'>hou</span> <span class='ocrx_word' id='word_1_88' title='bbox 984 827 1085 874; x_wconf 86' lang='lat' dir='ltr'>odiosum</span> <span class='ocrx_word' id='word_1_89' title='bbox 1101 820 1155 885; x_wconf 76' lang='lat' dir='ltr'>erat,</span> 
     </span>
     <span class='ocr_line' id='line_1_10' title="bbox 81 904 1154 962; baseline 0 -16"><span class='ocrx_word' id='word_1_90' title='bbox 81 907 140 962; x_wconf 88' lang='lat' dir='ltr'>quod</span> <span class='ocrx_word' id='word_1_91' title='bbox 155 907 193 947; x_wconf 85' lang='lat' dir='ltr'>viti</span> <span class='ocrx_word' id='word_1_92' title='bbox 205 905 236 946; x_wconf 88' lang='lat' dir='ltr'>illi</span> <span class='ocrx_word' id='word_1_93' title='bbox 251 920 296 947; x_wconf 84' lang='lat' dir='ltr'>rem</span> <span class='ocrx_word' id='word_1_94' title='bbox 307 906 396 945; x_wconf 89' lang='lat' dir='ltr'>nimium</span> <span class='ocrx_word' id='word_1_95' title='bbox 412 916 514 960; x_wconf 84' lang='lat' dir='ltr'>quantum</span> <span class='ocrx_word' id='word_1_96' title='bbox 525 904 639 960; x_wconf 80' lang='lat' dir='ltr'>urgebant,</span> <span class='ocrx_word' id='word_1_97' title='bbox 661 918 703 946; x_wconf 88' lang='lat' dir='ltr'>nec</span> <span class='ocrx_word' id='word_1_98' title='bbox 715 907 786 959; x_wconf 85' lang='lat' dir='ltr'>paucis</span> <span class='ocrx_word' id='word_1_99' title='bbox 800 906 940 958; x_wconf 82' lang='lat' dir='ltr'>corruptionis</span> <span class='ocrx_word' id='word_1_100' title='bbox 955 905 1038 960; x_wconf 80' lang='lat' dir='ltr'>indiciis</span> <span class='ocrx_word' id='word_1_101' title='bbox 1054 908 1154 956; x_wconf 85' lang='lat' dir='ltr'>contenti,</span> 
     </span>
     <span class='ocr_line' id='line_1_11' title="bbox 80 972 1156 1034; baseline -0.001 -15"><span class='ocrx_word' id='word_1_102' title='bbox 80 973 369 1034; x_wconf 73' lang='lat' dir='ltr'>VersioniEpltraenrianae‚</span> <span class='ocrx_word' id='word_1_103' title='bbox 389 974 455 1015; x_wconf 85' lang='lat' dir='ltr'>modo</span> <span class='ocrx_word' id='word_1_104' title='bbox 469 989 544 1030; x_wconf 80' lang='lat' dir='ltr'>graece</span> <span class='ocrx_word' id='word_1_105' title='bbox 557 979 639 1031; x_wconf 82' lang='lat' dir='ltr'>origine</span> <span class='ocrx_word' id='word_1_106' title='bbox 653 974 760 1024; x_wconf 86' lang='lat' dir='ltr'>abdicata,</span> <span class='ocrx_word' id='word_1_107' title='bbox 780 972 894 1015; x_wconf 87' lang='lat' dir='ltr'>iamaliam</span> <span class='ocrx_word' id='word_1_108' title='bbox 910 976 1016 1031; x_wconf 85' lang='lat' dir='ltr'>quandam</span> <span class='ocrx_word' id='word_1_109' title='bbox 1030 990 1101 1033; x_wconf 87' lang='lat' dir='ltr'>neque</span> <span class='ocrx_word' id='word_1_110' title='bbox 1117 980 1156 1018; x_wconf 88' lang='lat' dir='ltr'>mi-</span> 
     </span>
     <span class='ocr_line' id='line_1_12' title="bbox 78 1044 1154 1101; baseline 0.002 -13"><span class='ocrx_word' id='word_1_111' title='bbox 78 1063 119 1089; x_wconf 87' lang='lat' dir='ltr'>nus</span> <span class='ocrx_word' id='word_1_112' title='bbox 135 1051 155 1088; x_wconf 86' lang='lat' dir='ltr'>ei</span> <span class='ocrx_word' id='word_1_113' title='bbox 167 1047 259 1088; x_wconf 84' lang='lat' dir='ltr'>alienam</span> <span class='ocrx_word' id='word_1_114' title='bbox 273 1049 386 1088; x_wconf 77' lang='lat' dir='ltr'>stuariam</span> <span class='ocrx_word' id='word_1_115' title='bbox 400 1057 497 1087; x_wconf 86' lang='lat' dir='ltr'>naturam</span> <span class='ocrx_word' id='word_1_116' title='bbox 508 1044 656 1086; x_wconf 81' lang='lat' dir='ltr'>informabant.</span> <span class='ocrx_word' id='word_1_117' title='bbox 688 1045 755 1098; x_wconf 84' lang='lat' dir='ltr'>Quid,</span> <span class='ocrx_word' id='word_1_118' title='bbox 779 1045 949 1101; x_wconf 78' lang='lat' dir='ltr'>quodSeouums</span> <span class='ocrx_word' id='word_1_119' title='bbox 963 1049 1154 1099; x_wconf 66' lang='lat' dir='ltr'>(decretione-etc·</span> 
     </span>
     <span class='ocr_line' id='line_1_13' title="bbox 78 1114 1155 1175; baseline 0.001 -16"><span class='ocrx_word' id='word_1_120' title='bbox 78 1133 100 1174; x_wconf 87' lang='lat' dir='ltr'>p.</span> <span class='ocrx_word' id='word_1_121' title='bbox 118 1122 173 1170; x_wconf 69' lang='lat' dir='ltr'>en),</span> <span class='ocrx_word' id='word_1_122' title='bbox 189 1125 224 1159; x_wconf 74' lang='lat' dir='ltr'>vut</span> <span class='ocrx_word' id='word_1_123' title='bbox 240 1120 343 1173; x_wconf 79' lang='lat' dir='ltr'>interpres</span> <span class='ocrx_word' id='word_1_124' title='bbox 364 1127 436 1158; x_wconf 86' lang='lat' dir='ltr'>noster</span> <span class='ocrx_word' id='word_1_125' title='bbox 457 1128 564 1172; x_wconf 77' lang='lat' dir='ltr'>tamquam</span> <span class='ocrx_word' id='word_1_126' title='bbox 584 1117 636 1158; x_wconf 84' lang='lat' dir='ltr'>alter</span> <span class='ocrx_word' id='word_1_127' title='bbox 655 1114 791 1158; x_wconf 80' lang='lat' dir='ltr'>iirnnournus</span> <span class='ocrx_word' id='word_1_128' title='bbox 809 1115 934 1171; x_wconf 80' lang='lat' dir='ltr'>fingeretur,</span> <span class='ocrx_word' id='word_1_129' title='bbox 958 1117 1015 1159; x_wconf 85' lang='lat' dir='ltr'>haud</span> <span class='ocrx_word' id='word_1_130' title='bbox 1032 1133 1095 1175; x_wconf 75' lang='lat' dir='ltr'>aegre</span> <span class='ocrx_word' id='word_1_131' title='bbox 1108 1118 1155 1161; x_wconf 88' lang='lat' dir='ltr'>tulit</span> 
     </span>
     <span class='ocr_line' id='line_1_14' title="bbox 79 1187 1154 1247; baseline 0.001 -16"><span class='ocrx_word' id='word_1_132' title='bbox 79 1191 179 1247; x_wconf 79' lang='lat' dir='ltr'>adeoque</span> <span class='ocrx_word' id='word_1_133' title='bbox 192 1190 287 1244; x_wconf 87' lang='lat' dir='ltr'>speeiem</span> <span class='ocrx_word' id='word_1_134' title='bbox 301 1191 345 1231; x_wconf 87' lang='lat' dir='ltr'>eius</span> <span class='ocrx_word' id='word_1_135' title='bbox 358 1189 443 1230; x_wconf 89' lang='lat' dir='ltr'>iamiam</span> <span class='ocrx_word' id='word_1_136' title='bbox 458 1187 576 1239; x_wconf 73' lang='lat' dir='ltr'>inchoavit,</span> <span class='ocrx_word' id='word_1_137' title='bbox 600 1202 665 1244; x_wconf 83' lang='lat' dir='ltr'>quum</span> <span class='ocrx_word' id='word_1_138' title='bbox 680 1188 769 1238; x_wconf 88' lang='lat' dir='ltr'>diceret,</span> <span class='ocrx_word' id='word_1_139' title='bbox 791 1187 933 1243; x_wconf 86' lang='lat' dir='ltr'>Ephraemum</span> <span class='ocrx_word' id='word_1_140' title='bbox 948 1187 1037 1230; x_wconf 80' lang='lat' dir='ltr'>fortasse</span> <span class='ocrx_word' id='word_1_141' title='bbox 1051 1191 1154 1245; x_wconf 81' lang='lat' dir='ltr'>egissent</span> 
     </span>
     <span class='ocr_line' id='line_1_15' title="bbox 78 1257 1153 1315; baseline -0.001 -12"><span class='ocrx_word' id='word_1_142' title='bbox 78 1262 106 1304; x_wconf 90' lang='lat' dir='ltr'>de</span> <span class='ocrx_word' id='word_1_143' title='bbox 122 1264 251 1302; x_wconf 81' lang='lat' dir='ltr'>Hmuonrruo</span> <span class='ocrx_word' id='word_1_144' title='bbox 265 1262 397 1315; x_wconf 77' lang='lat' dir='ltr'>accepimus,</span> <span class='ocrx_word' id='word_1_145' title='bbox 424 1260 461 1315; x_wconf 79' lang='lat' dir='ltr'>qui</span> <span class='ocrx_word' id='word_1_146' title='bbox 473 1262 519 1314; x_wconf 88' lang='lat' dir='ltr'>ipse</span> <span class='ocrx_word' id='word_1_147' title='bbox 534 1259 574 1300; x_wconf 87' lang='lat' dir='ltr'>sibi</span> <span class='ocrx_word' id='word_1_148' title='bbox 590 1269 671 1300; x_wconf 81' lang='lat' dir='ltr'>textum</span> <span class='ocrx_word' id='word_1_149' title='bbox 690 1258 811 1308; x_wconf 78' lang='lat' dir='ltr'>conflasset,</span> <span class='ocrx_word' id='word_1_150' title='bbox 839 1257 922 1300; x_wconf 82' lang='lat' dir='ltr'>fontem</span> <span class='ocrx_word' id='word_1_151' title='bbox 934 1259 1015 1302; x_wconf 87' lang='lat' dir='ltr'>scilicet</span> <span class='ocrx_word' id='word_1_152' title='bbox 1032 1260 1153 1312; x_wconf 80' lang='lat' dir='ltr'>hebraeum,</span> 
     </span>
     <span class='ocr_line' id='line_1_16' title="bbox 77 1329 1152 1388; baseline -0.001 -14"><span class='ocrx_word' id='word_1_153' title='bbox 77 1332 233 1375; x_wconf 83' lang='lat' dir='ltr'>Alexandrinos</span> <span class='ocrx_word' id='word_1_154' title='bbox 248 1342 412 1386; x_wconf 88' lang='lat' dir='ltr'>ceterorumque</span> <span class='ocrx_word' id='word_1_155' title='bbox 431 1332 562 1372; x_wconf 87' lang='lat' dir='ltr'>Graecorum</span> <span class='ocrx_word' id='word_1_156' title='bbox 576 1330 689 1371; x_wconf 87' lang='lat' dir='ltr'>Versiones</span> <span class='ocrx_word' id='word_1_157' title='bbox 705 1340 726 1371; x_wconf 89' lang='lat' dir='ltr'>et</span> <span class='ocrx_word' id='word_1_158' title='bbox 739 1329 825 1369; x_wconf 80' lang='lat' dir='ltr'>latinam</span> <span class='ocrx_word' id='word_1_159' title='bbox 842 1341 933 1372; x_wconf 89' lang='lat' dir='ltr'>veterem</span> <span class='ocrx_word' id='word_1_160' title='bbox 944 1331 1059 1386; x_wconf 80' lang='lat' dir='ltr'>sequutus?</span> <span class='ocrx_word' id='word_1_161' title='bbox 1090 1347 1152 1388; x_wconf 86' lang='lat' dir='ltr'>quam</span> 
     </span>
     <span class='ocr_line' id='line_1_17' title="bbox 76 1400 771 1458; baseline -0.012 -12"><span class='ocrx_word' id='word_1_162' title='bbox 76 1416 149 1446; x_wconf 85' lang='lat' dir='ltr'>tamen</span> <span class='ocrx_word' id='word_1_163' title='bbox 160 1416 221 1446; x_wconf 89' lang='lat' dir='ltr'>suam</span> <span class='ocrx_word' id='word_1_164' title='bbox 233 1404 366 1458; x_wconf 86' lang='lat' dir='ltr'>opinionem,</span> <span class='ocrx_word' id='word_1_165' title='bbox 384 1415 410 1442; x_wconf 83' lang='lat' dir='ltr'>ex</span> <span class='ocrx_word' id='word_1_166' title='bbox 422 1411 481 1455; x_wconf 80' lang='lat' dir='ltr'>parte</span> <span class='ocrx_word' id='word_1_167' title='bbox 493 1400 589 1456; x_wconf 83' lang='lat' dir='ltr'>quidem,</span> <span class='ocrx_word' id='word_1_168' title='bbox 608 1402 678 1440; x_wconf 77' lang='lat' dir='ltr'>statim</span> <span class='ocrx_word' id='word_1_169' title='bbox 691 1402 771 1441; x_wconf 84' lang='lat' dir='ltr'>reiecit.</span> 
     </span>
    </p>
   </div>
   <div class='ocr_carea' id='block_1_4' title="bbox 76 1504 1152 1788">
    <p class='ocr_par' dir='ltr' id='par_1_4' title="bbox 76 1504 1152 1788">
     <span class='ocr_line' id='line_1_18' title="bbox 133 1504 1152 1575; baseline -0.002 -13"><span class='ocrx_word' id='word_1_170' title='bbox 133 1520 176 1562; x_wconf 85' lang='lat' dir='ltr'>Sed</span> <span class='ocrx_word' id='word_1_171' title='bbox 186 1520 287 1575; x_wconf 85' lang='lat' dir='ltr'>quoniam</span> <span class='ocrx_word' id='word_1_172' title='bbox 303 1519 364 1571; x_wconf 83' lang='lat' dir='ltr'>coepi</span> <span class='ocrx_word' id='word_1_173' title='bbox 374 1517 417 1558; x_wconf 88' lang='lat' dir='ltr'>iam</span> <span class='ocrx_word' id='word_1_174' title='bbox 432 1504 556 1556; x_wconf 75' lang='lat' dir='ltr'>cumulatius</span> <span class='ocrx_word' id='word_1_175' title='bbox 569 1528 640 1555; x_wconf 85' lang='lat' dir='ltr'>meum</span> <span class='ocrx_word' id='word_1_176' title='bbox 654 1527 729 1554; x_wconf 88' lang='lat' dir='ltr'>munus</span> <span class='ocrx_word' id='word_1_177' title='bbox 741 1526 828 1569; x_wconf 77' lang='lat' dir='ltr'>augere,</span> <span class='ocrx_word' id='word_1_178' title='bbox 852 1515 920 1568; x_wconf 86' lang='lat' dir='ltr'>primo</span> <span class='ocrx_word' id='word_1_179' title='bbox 936 1514 985 1556; x_wconf 87' lang='lat' dir='ltr'>loco</span> <span class='ocrx_word' id='word_1_180' title='bbox 1001 1514 1028 1557; x_wconf 85' lang='lat' dir='ltr'>de</span> <span class='ocrx_word' id='word_1_181' title='bbox 1047 1530 1152 1561; x_wconf 83' lang='lat' dir='ltr'>consensu</span> 
     </span>
     <span class='ocr_line' id='line_1_19' title="bbox 76 1583 1151 1640; baseline -0.005 -7"><span class='ocrx_word' id='word_1_182' title='bbox 76 1592 279 1639; x_wconf 79' lang='lat' dir='ltr'>Alexandrinorum,</span> <span class='ocrx_word' id='word_1_183' title='bbox 295 1587 373 1628; x_wconf 85' lang='lat' dir='ltr'>deiude</span> <span class='ocrx_word' id='word_1_184' title='bbox 384 1586 411 1627; x_wconf 89' lang='lat' dir='ltr'>de</span> <span class='ocrx_word' id='word_1_185' title='bbox 425 1587 531 1627; x_wconf 86' lang='lat' dir='ltr'>Versionis</span> <span class='ocrx_word' id='word_1_186' title='bbox 542 1585 656 1626; x_wconf 84' lang='lat' dir='ltr'>chaldaeae</span> <span class='ocrx_word' id='word_1_187' title='bbox 666 1596 687 1625; x_wconf 85' lang='lat' dir='ltr'>et</span> <span class='ocrx_word' id='word_1_188' title='bbox 695 1583 800 1640; x_wconf 77' lang='lat' dir='ltr'>vulgatae,</span> <span class='ocrx_word' id='word_1_189' title='bbox 817 1595 862 1625; x_wconf 86' lang='lat' dir='ltr'>tum</span> <span class='ocrx_word' id='word_1_190' title='bbox 872 1585 899 1627; x_wconf 86' lang='lat' dir='ltr'>de</span> <span class='ocrx_word' id='word_1_191' title='bbox 909 1585 992 1628; x_wconf 83' lang='lat' dir='ltr'>Codicis</span> <span class='ocrx_word' id='word_1_192' title='bbox 1003 1587 1089 1631; x_wconf 85' lang='lat' dir='ltr'>hebraei</span> <span class='ocrx_word' id='word_1_193' title='bbox 1103 1604 1151 1632; x_wconf 85' lang='lat' dir='ltr'>cnm</span> 
     </span>
     <span class='ocr_line' id='line_1_20' title="bbox 76 1654 1151 1719; baseline -0.004 -14"><span class='ocrx_word' id='word_1_194' title='bbox 76 1664 197 1719; x_wconf 85' lang='lat' dir='ltr'>Ephraemo</span> <span class='ocrx_word' id='word_1_195' title='bbox 209 1661 361 1715; x_wconf 78' lang='lat' dir='ltr'>discrepantis,</span> <span class='ocrx_word' id='word_1_196' title='bbox 379 1672 443 1712; x_wconf 90' lang='lat' dir='ltr'>porro</span> <span class='ocrx_word' id='word_1_197' title='bbox 459 1657 485 1698; x_wconf 84' lang='lat' dir='ltr'>de</span> <span class='ocrx_word' id='word_1_198' title='bbox 499 1654 698 1710; x_wconf 81' lang='lat' dir='ltr'>interpolationibus</span> <span class='ocrx_word' id='word_1_199' title='bbox 713 1670 740 1696; x_wconf 77' lang='lat' dir='ltr'>ex</span> <span class='ocrx_word' id='word_1_200' title='bbox 751 1657 797 1710; x_wconf 80' lang='lat' dir='ltr'>ipsa</span> <span class='ocrx_word' id='word_1_201' title='bbox 812 1657 914 1699; x_wconf 88' lang='lat' dir='ltr'>Versione</span> <span class='ocrx_word' id='word_1_202' title='bbox 929 1658 1034 1712; x_wconf 83' lang='lat' dir='ltr'>simplice,</span> <span class='ocrx_word' id='word_1_203' title='bbox 1059 1659 1151 1717; x_wconf 82' lang='lat' dir='ltr'>denique</span> 
     </span>
     <span class='ocr_line' id='line_1_21' title="bbox 77 1727 1150 1788; baseline 0 -13"><span class='ocrx_word' id='word_1_204' title='bbox 77 1736 105 1776; x_wconf 86' lang='lat' dir='ltr'>de</span> <span class='ocrx_word' id='word_1_205' title='bbox 122 1735 215 1776; x_wconf 86' lang='lat' dir='ltr'>hebraeo</span> <span class='ocrx_word' id='word_1_206' title='bbox 231 1744 252 1775; x_wconf 91' lang='lat' dir='ltr'>et</span> <span class='ocrx_word' id='word_1_207' title='bbox 270 1735 347 1788; x_wconf 67' lang='lat' dir='ltr'>gta&#39;eco</span> <span class='ocrx_word' id='word_1_208' title='bbox 363 1731 489 1782; x_wconf 85' lang='lat' dir='ltr'>interprete,</span> <span class='ocrx_word' id='word_1_209' title='bbox 520 1729 557 1782; x_wconf 86' lang='lat' dir='ltr'>qui</span> <span class='ocrx_word' id='word_1_210' title='bbox 577 1728 653 1782; x_wconf 85' lang='lat' dir='ltr'>passim</span> <span class='ocrx_word' id='word_1_211' title='bbox 670 1728 757 1767; x_wconf 89' lang='lat' dir='ltr'>nomine</span> <span class='ocrx_word' id='word_1_212' title='bbox 773 1728 900 1778; x_wconf 76' lang='lat' dir='ltr'>excitantur,</span> <span class='ocrx_word' id='word_1_213' title='bbox 931 1727 1093 1785; x_wconf 87' lang='lat' dir='ltr'>disputationem</span> <span class='ocrx_word' id='word_1_214' title='bbox 1108 1735 1150 1775; x_wconf 81' lang='lat' dir='ltr'>iem</span> 
     </span>
    </p>
   </div>
   <div class='ocr_carea' id='block_1_5' title="bbox 77 1809 178 1861">
    <p class='ocr_par' dir='ltr' id='par_1_5' title="bbox 77 1809 178 1861">
     <span class='ocr_line' id='line_1_22' title="bbox 77 1809 178 1861; baseline -0.02 -15"><span class='ocrx_word' id='word_1_215' title='bbox 77 1809 178 1861; x_wconf 81' lang='lat' dir='ltr'>aperiam.</span> 
     </span>
    </p>
   </div>
   <div class='ocr_carea' id='block_1_6' title="bbox 75 1914 1150 2046">
    <p class='ocr_par' dir='ltr' id='par_1_6' title="bbox 75 1914 1150 2046">
     <span class='ocr_line' id='line_1_23' title="bbox 134 1914 1150 1975; baseline -0.005 -8"><span class='ocrx_word' id='word_1_216' title='bbox 134 1928 154 1969; x_wconf 77' lang='lat' dir='ltr'>lt·</span> <span class='ocrx_word' id='word_1_217' title='bbox 186 1920 310 1964; x_wconf 78' lang='lat' dir='ltr'>Referemus</span> <span class='ocrx_word' id='word_1_218' title='bbox 321 1932 361 1961; x_wconf 87' lang='lat' dir='ltr'>nos</span> <span class='ocrx_word' id='word_1_219' title='bbox 373 1919 436 1974; x_wconf 78' lang='lat' dir='ltr'>igitur</span> <span class='ocrx_word' id='word_1_220' title='bbox 447 1915 475 1959; x_wconf 88' lang='lat' dir='ltr'>ad</span> <span class='ocrx_word' id='word_1_221' title='bbox 485 1919 584 1973; x_wconf 83' lang='lat' dir='ltr'>prinznm</span> <span class='ocrx_word' id='word_1_222' title='bbox 599 1917 750 1971; x_wconf 66' lang='lat' dir='ltr'>successionem</span> <span class='ocrx_word' id='word_1_223' title='bbox 764 1914 920 1971; x_wconf 83' lang='lat' dir='ltr'>explicandam,</span> <span class='ocrx_word' id='word_1_224' title='bbox 941 1930 996 1973; x_wconf 85' lang='lat' dir='ltr'>quae</span> <span class='ocrx_word' id='word_1_225' title='bbox 1008 1920 1050 1975; x_wconf 79' lang='lat' dir='ltr'>egit</span> <span class='ocrx_word' id='word_1_226' title='bbox 1061 1918 1088 1962; x_wconf 88' lang='lat' dir='ltr'>de</span> <span class='ocrx_word' id='word_1_227' title='bbox 1100 1921 1150 1964; x_wconf 86' lang='lat' dir='ltr'>Ver-</span> 
     </span>
     <span class='ocr_line' id='line_1_24' title="bbox 75 1987 831 2046; baseline -0.012 -10"><span class='ocrx_word' id='word_1_228' title='bbox 75 1995 139 2036; x_wconf 83' lang='lat' dir='ltr'>sionis</span> <span class='ocrx_word' id='word_1_229' title='bbox 149 1995 208 2034; x_wconf 82' lang='lat' dir='ltr'>LXX</span> <span class='ocrx_word' id='word_1_230' title='bbox 218 2006 329 2035; x_wconf 85' lang='lat' dir='ltr'>consensu.</span> <span class='ocrx_word' id='word_1_231' title='bbox 361 1993 386 2031; x_wconf 90' lang='lat' dir='ltr'>In</span> <span class='ocrx_word' id='word_1_232' title='bbox 398 1992 492 2046; x_wconf 88' lang='lat' dir='ltr'>quinque</span> <span class='ocrx_word' id='word_1_233' title='bbox 503 2000 574 2030; x_wconf 87' lang='lat' dir='ltr'>autem</span> <span class='ocrx_word' id='word_1_234' title='bbox 585 1999 653 2043; x_wconf 79' lang='lat' dir='ltr'>partes</span> <span class='ocrx_word' id='word_1_235' title='bbox 664 1990 703 2028; x_wconf 88' lang='lat' dir='ltr'>erit</span> <span class='ocrx_word' id='word_1_236' title='bbox 713 1987 831 2028; x_wconf 82' lang='lat' dir='ltr'>dividenda.</span> 
     </span>
    </p>
   </div>
   <div class='ocr_carea' id='block_1_7' title="bbox 73 2088 1160 2576">
    <p class='ocr_par' dir='ltr' id='par_1_7' title="bbox 73 2088 1160 2576">
     <span class='ocr_line' id='line_1_25' title="bbox 133 2088 1149 2145; baseline -0.002 -10"><span class='ocrx_word' id='word_1_237' title='bbox 133 2098 158 2145; x_wconf 81' lang='lat' dir='ltr'>a)</span> <span class='ocrx_word' id='word_1_238' title='bbox 189 2096 359 2134; x_wconf 76' lang='lat' dir='ltr'>Fortnsscenz&#39;m</span> <span class='ocrx_word' id='word_1_239' title='bbox 378 2092 494 2132; x_wconf 82' lang='lat' dir='ltr'>Versionis.</span> <span class='ocrx_word' id='word_1_240' title='bbox 507 2091 608 2144; x_wconf 78' lang='lat' dir='ltr'>syriacae</span> <span class='ocrx_word' id='word_1_241' title='bbox 623 2098 703 2128; x_wconf 66' lang='lat' dir='ltr'>erector</span> <span class='ocrx_word' id='word_1_242' title='bbox 716 2088 884 2128; x_wconf 73' lang='lat' dir='ltr'>Alexandrinos</span> <span class='ocrx_word' id='word_1_243' title='bbox 894 2099 971 2144; x_wconf 82' lang='lat' dir='ltr'>sponte</span> <span class='ocrx_word' id='word_1_244' title='bbox 983 2092 1030 2129; x_wconf 81' lang='lat' dir='ltr'>inm</span> <span class='ocrx_word' id='word_1_245' title='bbox 1045 2093 1149 2134; x_wconf 72' lang='lat' dir='ltr'>adhibuit</span> 
     </span>
     <span class='ocr_line' id='line_1_26' title="bbox 76 2160 1148 2222; baseline -0.003 -15"><span class='ocrx_word' id='word_1_246' title='bbox 76 2181 169 2222; x_wconf 76' lang='lat' dir='ltr'>ctttnqne</span> <span class='ocrx_word' id='word_1_247' title='bbox 176 2165 279 2207; x_wconf 76' lang='lat' dir='ltr'>Hebraeo</span> <span class='ocrx_word' id='word_1_248' title='bbox 289 2164 390 2208; x_wconf 77' lang='lat' dir='ltr'>corztnlit,</span> <span class='ocrx_word' id='word_1_249' title='bbox 406 2178 435 2202; x_wconf 71' lang='lat' dir='ltr'>esc</span> <span class='ocrx_word' id='word_1_250' title='bbox 446 2165 472 2202; x_wconf 79' lang='lat' dir='ltr'>iit</span> <span class='ocrx_word' id='word_1_251' title='bbox 483 2171 560 2201; x_wconf 80' lang='lat' dir='ltr'>tamen</span> <span class='ocrx_word' id='word_1_252' title='bbox 569 2160 698 2200; x_wconf 70' lang='lat' dir='ltr'>lectionibus</span> <span class='ocrx_word' id='word_1_253' title='bbox 703 2162 796 2214; x_wconf 73' lang='lat' dir='ltr'>graecis,</span> <span class='ocrx_word' id='word_1_254' title='bbox 813 2174 866 2213; x_wconf 63' lang='grc' dir='ltr'><em>[μιᾶς</em></span> <span class='ocrx_word' id='word_1_255' title='bbox 876 2161 1148 2217; x_wconf 74' lang='lat' dir='ltr'>asservavitEpltrnemns,</span> 
     </span>
     <span class='ocr_line' id='line_1_27' title="bbox 76 2229 1148 2293; baseline -0.001 -15"><span class='ocrx_word' id='word_1_256' title='bbox 76 2240 161 2279; x_wconf 75' lang='lat' dir='ltr'>nrultne</span> <span class='ocrx_word' id='word_1_257' title='bbox 169 2240 292 2293; x_wconf 74' lang='lat' dir='ltr'>perierunt.</span> <span class='ocrx_word' id='word_1_258' title='bbox 324 2234 431 2285; x_wconf 80' lang='lat' dir='ltr'>Atrides,</span> <span class='ocrx_word' id='word_1_259' title='bbox 447 2232 515 2275; x_wconf 81' lang='lat' dir='ltr'>need</span> <span class='ocrx_word' id='word_1_260' title='bbox 528 2232 590 2273; x_wconf 85' lang='lat' dir='ltr'>aliam</span> <span class='ocrx_word' id='word_1_261' title='bbox 606 2242 701 2272; x_wconf 82' lang='lat' dir='ltr'>snostro</span> <span class='ocrx_word' id='word_1_262' title='bbox 718 2232 813 2272; x_wconf 87' lang='lat' dir='ltr'>instituto</span> <span class='ocrx_word' id='word_1_263' title='bbox 826 2243 910 2283; x_wconf 84' lang='lat' dir='ltr'>prorsus</span> <span class='ocrx_word' id='word_1_264' title='bbox 923 2229 1013 2272; x_wconf 86' lang='lat' dir='ltr'>alienam</span> <span class='ocrx_word' id='word_1_265' title='bbox 1026 2233 1148 2288; x_wconf 82' lang='lat' dir='ltr'>disputatio-</span> 
     </span>
     <span class='ocr_line' id='line_1_28' title="bbox 76 2302 1148 2365; baseline -0.003 -16"><span class='ocrx_word' id='word_1_266' title='bbox 76 2322 125 2350; x_wconf 87' lang='lat' dir='ltr'>nem</span> <span class='ocrx_word' id='word_1_267' title='bbox 138 2323 200 2365; x_wconf 82' lang='lat' dir='ltr'>quem</span> <span class='ocrx_word' id='word_1_268' title='bbox 210 2307 352 2350; x_wconf 67' lang='lat' dir='ltr'>detersione</span> <span class='ocrx_word' id='word_1_269' title='bbox 362 2304 458 2359; x_wconf 86' lang='lat' dir='ltr'>simplice</span> <span class='ocrx_word' id='word_1_270' title='bbox 469 2306 556 2360; x_wconf 86' lang='lat' dir='ltr'>eiusque</span> <span class='ocrx_word' id='word_1_271' title='bbox 568 2314 655 2344; x_wconf 86' lang='lat' dir='ltr'>auctore</span> <span class='ocrx_word' id='word_1_272' title='bbox 668 2315 730 2357; x_wconf 75' lang='lat' dir='ltr'>agere</span> <span class='ocrx_word' id='word_1_273' title='bbox 739 2311 845 2355; x_wconf 89' lang='lat' dir='ltr'>oporteat,</span> <span class='ocrx_word' id='word_1_274' title='bbox 860 2302 952 2340; x_wconf 77' lang='lat' dir='ltr'>animum</span> <span class='ocrx_word' id='word_1_275' title='bbox 968 2317 1053 2345; x_wconf 85' lang='lat' dir='ltr'>revoces</span> <span class='ocrx_word' id='word_1_276' title='bbox 1070 2305 1148 2363; x_wconf 78' lang='lat' dir='ltr'>absque</span> 
     </span>
     <span class='ocr_line' id='line_1_29' title="bbox 76 2370 1148 2437; baseline -0.005 -15"><span class='ocrx_word' id='word_1_277' title='bbox 76 2379 171 2437; x_wconf 83' lang='lat' dir='ltr'>eoquod</span> <span class='ocrx_word' id='word_1_278' title='bbox 185 2382 303 2436; x_wconf 84' lang='lat' dir='ltr'>quaerimus</span> <span class='ocrx_word' id='word_1_279' title='bbox 316 2388 404 2431; x_wconf 82' lang='lat' dir='ltr'>avertas.</span> <span class='ocrx_word' id='word_1_280' title='bbox 444 2376 498 2416; x_wconf 91' lang='lat' dir='ltr'>Illud</span> <span class='ocrx_word' id='word_1_281' title='bbox 509 2388 581 2416; x_wconf 83' lang='lat' dir='ltr'>tamen</span> <span class='ocrx_word' id='word_1_282' title='bbox 592 2386 614 2415; x_wconf 87' lang='lat' dir='ltr'>te</span> <span class='ocrx_word' id='word_1_283' title='bbox 631 2388 675 2415; x_wconf 88' lang='lat' dir='ltr'>esse</span> <span class='ocrx_word' id='word_1_284' title='bbox 687 2373 818 2413; x_wconf 77' lang='lat' dir='ltr'>admonitum</span> <span class='ocrx_word' id='word_1_285' title='bbox 831 2370 890 2422; x_wconf 79' lang='lat' dir='ltr'>volo,</span> <span class='ocrx_word' id='word_1_286' title='bbox 913 2371 965 2412; x_wconf 87' lang='lat' dir='ltr'>mihi</span> <span class='ocrx_word' id='word_1_287' title='bbox 978 2388 1148 2435; x_wconf 77' lang='lat' dir='ltr'>unamquamque</span> 
     </span>
     <span class='ocr_line' id='line_1_30' title="bbox 75 2442 1148 2507; baseline -0.01 -14"><span class='ocrx_word' id='word_1_288' title='bbox 75 2455 211 2501; x_wconf 80' lang='lat' dir='ltr'>senteutiam,</span> <span class='ocrx_word' id='word_1_289' title='bbox 230 2465 285 2507; x_wconf 85' lang='lat' dir='ltr'>quae</span> <span class='ocrx_word' id='word_1_290' title='bbox 297 2452 406 2492; x_wconf 84' lang='lat' dir='ltr'>Versionis</span> <span class='ocrx_word' id='word_1_291' title='bbox 417 2447 517 2503; x_wconf 86' lang='lat' dir='ltr'>simplicis</span> <span class='ocrx_word' id='word_1_292' title='bbox 533 2449 670 2500; x_wconf 87' lang='lat' dir='ltr'>interpretem</span> <span class='ocrx_word' id='word_1_293' title='bbox 681 2444 742 2484; x_wconf 81' lang='lat' dir='ltr'>aliam</span> <span class='ocrx_word' id='word_1_294' title='bbox 755 2442 869 2498; x_wconf 80' lang='lat' dir='ltr'>quendem,</span> <span class='ocrx_word' id='word_1_295' title='bbox 895 2455 1034 2501; x_wconf 83' lang='lat' dir='ltr'>qtraecunque</span> <span class='ocrx_word' id='word_1_296' title='bbox 1046 2451 1082 2500; x_wconf 84' lang='lat' dir='ltr'>sit,</span> <span class='ocrx_word' id='word_1_297' title='bbox 1097 2452 1148 2492; x_wconf 68' lang='lat' dir='ltr'>Ver.</span> 
     </span>
     <span class='ocr_line' id='line_1_31' title="bbox 73 2510 1160 2576; baseline -0.015 -10"><span class='ocrx_word' id='word_1_298' title='bbox 73 2526 156 2567; x_wconf 87' lang='lat' dir='ltr'>sionem</span> <span class='ocrx_word' id='word_1_299' title='bbox 169 2523 195 2563; x_wconf 85' lang='lat' dir='ltr'>ad</span> <span class='ocrx_word' id='word_1_300' title='bbox 207 2537 293 2564; x_wconf 85' lang='lat' dir='ltr'>manum</span> <span class='ocrx_word' id='word_1_301' title='bbox 304 2519 484 2576; x_wconf 73' lang='lat' dir='ltr'>ltebuisse&#39;fmgit,</span> <span class='ocrx_word' id='word_1_302' title='bbox 502 2528 604 2574; x_wconf 87' lang='lat' dir='ltr'>quantum</span> <span class='ocrx_word' id='word_1_303' title='bbox 617 2518 708 2557; x_wconf 77' lang='lat' dir='ltr'>maxime</span> <span class='ocrx_word' id='word_1_304' title='bbox 722 2514 838 2569; x_wconf 87' lang='lat' dir='ltr'>displicere.</span> <span class='ocrx_word' id='word_1_305' title='bbox 1156 2510 1160 2520; x_wconf 69' lang='grc'>”</span> 
     </span>
    </p>
   </div>
   <div class='ocr_carea' id='block_1_8' title="bbox 70 2606 1147 2813">
    <p class='ocr_par' dir='ltr' id='par_1_8' title="bbox 70 2606 1147 2813">
     <span class='ocr_line' id='line_1_32' title="bbox 126 2606 1147 2669; baseline -0.011 -12"><span class='ocrx_word' id='word_1_306' title='bbox 126 2615 151 2668; x_wconf 82' lang='lat' dir='ltr'>b)</span> <span class='ocrx_word' id='word_1_307' title='bbox 182 2614 227 2654; x_wconf 79' lang='lat' dir='ltr'>Alia</span> <span class='ocrx_word' id='word_1_308' title='bbox 239 2615 345 2669; x_wconf 82' lang='lat' dir='ltr'>quaestio,</span> <span class='ocrx_word' id='word_1_309' title='bbox 356 2616 441 2667; x_wconf 84' lang='lat' dir='ltr'>primae</span> <span class='ocrx_word' id='word_1_310' title='bbox 454 2609 533 2660; x_wconf 80' lang='lat' dir='ltr'>affinis,</span> <span class='ocrx_word' id='word_1_311' title='bbox 549 2620 570 2650; x_wconf 87' lang='lat' dir='ltr'>at</span> <span class='ocrx_word' id='word_1_312' title='bbox 584 2607 671 2650; x_wconf 83' lang='lat' dir='ltr'>ferenda</span> <span class='ocrx_word' id='word_1_313' title='bbox 683 2618 765 2657; x_wconf 85' lang='lat' dir='ltr'>tamen,</span> <span class='ocrx_word' id='word_1_314' title='bbox 783 2617 824 2649; x_wconf 90' lang='lat' dir='ltr'>est:</span> <span class='ocrx_word' id='word_1_315' title='bbox 842 2606 948 2646; x_wconf 78' lang='lat' dir='ltr'>Potuitne</span> <span class='ocrx_word' id='word_1_316' title='bbox 961 2608 999 2648; x_wconf 81' lang='lat' dir='ltr'>ille</span> <span class='ocrx_word' id='word_1_317' title='bbox 1012 2609 1084 2649; x_wconf 74' lang='lat' dir='ltr'>conen</span> <span class='ocrx_word' id='word_1_318' title='bbox 1094 2611 1147 2652; x_wconf 78' lang='lat' dir='ltr'>Ver.</span> 
     </span>
     <span class='ocr_line' id='line_1_33' title="bbox 72 2680 1147 2743; baseline -0.011 -13"><span class='ocrx_word' id='word_1_319' title='bbox 72 2691 137 2730; x_wconf 77' lang='lat' dir='ltr'>sionis</span> <span class='ocrx_word' id='word_1_320' title='bbox 149 2685 253 2742; x_wconf 64' lang='lat' dir='ltr'>simplices</span> <span class='ocrx_word' id='word_1_321' title='bbox 269 2699 333 2739; x_wconf 78' lang='lat' dir='ltr'>quern</span> <span class='ocrx_word' id='word_1_322' title='bbox 348 2684 380 2725; x_wconf 81' lang='lat' dir='ltr'>nrl</span> <span class='ocrx_word' id='word_1_323' title='bbox 399 2698 477 2724; x_wconf 78' lang='lat' dir='ltr'>rrznntts</span> <span class='ocrx_word' id='word_1_324' title='bbox 490 2681 569 2722; x_wconf 63' lang='lat' dir='ltr'>habret</span> <span class='ocrx_word' id='word_1_325' title='bbox 581 2681 728 2743; x_wconf 77' lang='lat' dir='ltr'>Eplnnernns,</span> <span class='ocrx_word' id='word_1_326' title='bbox 753 2680 845 2717; x_wconf 78' lang='lat' dir='ltr'>ita-estc</span> <span class='ocrx_word' id='word_1_327' title='bbox 859 2688 1010 2733; x_wconf 78' lang='lat' dir='ltr'>eomparatur,</span> <span class='ocrx_word' id='word_1_328' title='bbox 1031 2689 1056 2718; x_wconf 86' lang='lat' dir='ltr'>ut</span> <span class='ocrx_word' id='word_1_329' title='bbox 1071 2695 1147 2739; x_wconf 62' lang='lat' dir='ltr'>sponte</span> 
     </span>
     <span class='ocr_line' id='line_1_34' title="bbox 70 2752 1147 2813; baseline -0.005 -12"><span class='ocrx_word' id='word_1_330' title='bbox 70 2762 128 2801; x_wconf 79' lang='lat' dir='ltr'>illud</span> <span class='ocrx_word' id='word_1_331' title='bbox 150 2759 301 2801; x_wconf 34' lang='lat' dir='ltr'>nzsntnn&#39;onnrn</span> <span class='ocrx_word' id='word_1_332' title='bbox 317 2770 387 2813; x_wconf 79' lang='lat' dir='ltr'>genno</span> <span class='ocrx_word' id='word_1_333' title='bbox 405 2755 531 2811; x_wconf 75' lang='lat' dir='ltr'>Ephrnento</span> <span class='ocrx_word' id='word_1_334' title='bbox 553 2769 575 2795; x_wconf 83' lang='lat' dir='ltr'>se</span> <span class='ocrx_word' id='word_1_335' title='bbox 595 2753 687 2809; x_wconf 76' lang='lat' dir='ltr'>offerret</span> <span class='ocrx_word' id='word_1_336' title='bbox 708 2765 750 2791; x_wconf 86' lang='lat' dir='ltr'>nec</span> <span class='ocrx_word' id='word_1_337' title='bbox 764 2752 834 2805; x_wconf 76' lang='lat' dir='ltr'>rpsrtm</span> <span class='ocrx_word' id='word_1_338' title='bbox 849 2763 956 2805; x_wconf 73' lang='lat' dir='ltr'>graecum</span> <span class='ocrx_word' id='word_1_339' title='bbox 974 2752 1079 2806; x_wconf 76' lang='lat' dir='ltr'>inspicere</span> <span class='ocrx_word' id='word_1_340' title='bbox 1094 2771 1147 2811; x_wconf 81' lang='lat' dir='ltr'>opus</span> 
     </span>
    </p>
   </div>
   <div class='ocr_carea' id='block_1_9' title="bbox 0 0 1230 3056">
    <p class='ocr_par' dir='ltr' id='par_1_9' title="bbox 0 0 1230 3056">
     <span class='ocr_line' id='line_1_35' title="bbox 0 0 1230 3056; baseline 0 3"><span class='ocrx_word' id='word_1_341' title='bbox 0 0 1230 3056; x_wconf 95' lang='lat' dir='ltr'> </span> 
     </span>
    </p>
   </div>
  </div>
 </body>
</html>
