2449 3056
517 467 578 509 Car.
610 469 641 508 II.

202 581 246 621 De
273 579 443 622 V'ersiorris
467 581 601 619 ratione
625 586 723 634 atque
746 590 801 617 usu
826 576 957 619 critico.

91 721 129 757 ra.
193 719 213 757 ui
225 719 249 757 in
261 717 424 761 Commentariis
435 715 595 769 Ephraemianis
603 708 701 758 studium
713 714 794 755 babere
807 715 902 766 coeperit
914 725 987 768 neque
1000 712 1065 765 igitur
1080 714 1122 752 eius

34 785 99 828 verba
111 790 212 830 contexta
221 787 326 829 afferendi
339 787 488 844 excitandique
500 792 605 830 rationem
617 790 668 829 satis
682 788 724 826 iam
736 786 879 840 perspexerit,
896 786 913 824 is
927 774 972 824 fere
985 785 1058 823 onmia
1071 797 1123 824 con·
1163 818 1164 823 ,

33 849 86 899 lusa¹
97 870 118 901 et
134 871 214 902 temere
227 870 316 901 tractata
332 861 446 909 existimat;
474 870 520 899 tum
536 873 586 900 vero
599 858 682 914 singula
695 859 813 899 accuratius
827 857 953 911 perquirens
967 853 1125 915 consideratiusv

21 928 23 933 ⁸
34 942 120 986 quoque
128 931 279 987 deEphraemo
290 931 384 986 cogitare
391 932 477 987 incipit,
492 930 563 972 donec
575 929 668 981 tandem,
683 932 701 971 si
715 932 774 986 quasi
785 919 896 970 oculorum
908 929 964 969 acies
974 926 1122 968 fueritexacu'-

33 1012 87 1043 raet
101 1003 203 1044 iudicium
214 1005 237 1043 in
250 1016 276 1043 eo
288 1001 400 1042 tractando
412 1002 517 1053 adultum,
535 1002 698 1044 occultissimam
711 1016 736 1042 ac
746 1001 869 1042 ditissimam
883 1001 927 1039 eius
947 1001 1032 1053 copiam
1045 1012 1121 1039 conse-

33 1083 109 1128 quetur
122 1085 143 1114 et
155 1077 215 1130 quasi
229 1088 303 1115 aurum
313 1073 339 1113 ab
352 1076 410 1113 omni
424 1074 487 1114 sorde
499 1085 611 1129 purgatum
624 1075 719 1115 inveniet
731 1073 846 1114 detectum.
876 1070 974 1111 Eundem
985 1069 1030 1121 fere
1039 1073 1062 1110 in
1073 1085 1119 1110 mo-

32 1143 83 1183 dum
95 1147 186 1198 primum
199 1146 226 1185 de
240 1159 265 1186 ea
281 1146 366 1185 ratione
379 1160 420 1200 qua
431 1147 534 1200 interpres
550 1156 624 1186 noster
640 1147 709 1185 minus
722 1146 762 1185 erit
775 1142 906 1193 laudandus,
923 1155 1001 1196 nempe
1013 1142 1041 1182 de
1052 1153 1120 1183 textus

31 1214 105 1257 biblici
121 1216 230 1257 arbitraria
250 1216 461 1267 accommodatione,
491 1229 512 1258 at
527 1219 549 1257 in
567 1219 698 1266 universum,
722 1229 787 1270 porro
805 1215 832 1255 tle
845 1214 933 1269 singulis
955 1228 1011 1269 quae
1027 1215 1119 1268 primum

30 1286 83 1327 illud
98 1287 244 1343 disputationis
255 1302 315 1329 meae
328 1301 394 1343 genus
407 1288 534 1343 explebunt,
549 1289 651 1345 equidem
661 1288 763 1329 disserere
778 1288 884 1341 experiar,
909 1286 980 1335 donec
990 1284 1079 1327 tandem
1092 1287 1119 1326 ad

31 1360 127 1413 criticum
139 1359 253 1415 Ephraemi
266 1374 328 1401 usum
343 1370 364 1400 et
375 1359 448 1400 laudes
461 1362 650 1415 praestantissimas
663 1362 775 1415 pervenire
786 1358 865 1399 licebit.
896 1360 973 1399 Innata
987 1360 1044 1399 enim
1056 1357 1118 1399 boni-

31 1442 61 1470 tas
78 1418 135 1470 illius
150 1421 229 1470 codicis
246 1443 289 1483 quo
299 1428 399 1469 utebatur
411 1430 542 1483 Ephraemus
558 1433 653 1485 quamvis
667 1434 694 1471 sit
711 1433 827 1471 certissima
841 1432 976 1484 maximeque
988 1429 1115 1479 indubitata,

30 1504 64 1541 vix
76 1512 147 1549 tamen
159 1501 247 1554 cogitari
259 1510 340 1553 potest,
363 1514 427 1554 quam
438 1500 524 1550 libere,v
534 1516 563 1542 ne
580 1501 669 1542 dixerim
687 1492 798 1551 dissolute,
819 1514 923 1555 persaepe
936 1514 984 1540 eum
995 1498 1116 1542 tractaverit

29 1576 139 1627 interpres.
169 1573 233 1612 Nunc
241 1585 304 1622 vero,
322 1585 399 1626 quum,
417 1571 468 1627 quid
478 1571 529 1612 illud
539 1575 566 1614 sit
576 1572 603 1614 de
615 1587 658 1629 quo
668 1572 703 1613 lric
715 1573 844 1626 disputetur,
860 1574 888 1613 sit
899 1571 1046 1626 explanatum,
1064 1576 1116 1614 ima-

29 1648 101 1699 ginem
115 1645 183 1684 nostri
197 1644 317 1697 interpretis
330 1653 351 1682 et
362 1643 444 1697 singula
456 1633 511 1699 quae
524 1659 571 1686 eam
585 1643 680 1686 referunt
693 1646 822 1699 expressuri,
840 1645 936 1699 graviora
950 1647 1023 1694 etiam,
1041 1658 1070 1685 ne
1081 1660 1115 1685 va-

29 1719 74 1772 gari
86 1727 107 1766 et
116 1729 186 1756 errare
195 1715 294 1756 'rideatur
306 1716 383 1763 oratio,
402 1715 502 1769 exemplis
515 1716 708 1770 comprobabimus.
739 1707 768 1755 At
778 1727 835 1755 tanta
846 1726 877 1755 est
889 1715 1036 1770 exemplorum
1046 1719 1115 1770 cuiuss

28 1792 59 1829 uis
73 1785 288 1843 generissallluentia,
310 1796 343 1835 ut,
367 1800 421 1841 quae
434 1800 478 1826 non
491 1786 578 1843 longam
594 1789 713 1828 orationem
729 1785 893 1837 desiderabunt,
914 1790 986 1841 paucis
999 1787 1114 1834 confician-

30 1873 62 1900 tur
74 1859 215 1900 necessarium
228 1858 353 1915 existimem

29 1997 30 2001 ¹
90 1982 123 2022 13.
155 1980 262 2034 Principio
278 1980 342 2034 igitur
357 1992 383 2019 ex
396 1981 465 2033 primo
477 1980 514 2022 illo
531 1995 609 2037 genere
623 1981 720 2036 exempla
731 1992 781 2029 sunt
793 1981 874 2038 aliquot
884 1981 985 2038 ponenda
998 1995 1048 2026 ante
1061 1999 1111 2026 ocu-

27 2055 71 2104 las,
95 2066 150 2108 quae
168 2052 278 2092 videantur
296 2053 468 2093 immutationum
485 2053 512 2094 ad
528 2054 638 2094 arbitrium
655 2056 816 2095 commissarum
834 2057 864 2094 ita
881 2054 970 2105 referta,
992 2066 1017 2095 ut
1031 2058 1111 2111 quippe

29 2139 83 2181 quae
95 2123 208 2179 Ephraemi
222 2122 354 2162 arbitrariam
370 2124 476 2164 rationem
492 2127 551 2179 quasi
565 2128 731 2179 praenuncient,
756 2128 841 2181 egregie
856 2129 899 2167 sint
917 2126 1042 2186 commoda,
1068 2143 1110 2185 quo

29 2194 99 2237 tamen
112 2195 171 2237 vobis
189 2194 306 2235 cavendum
319 2195 370 2243 erit,
392 2208 419 2235 ne
435 2194 578 2250 Ephraernum
596 2200 685 2238 omnino
702 2201 734 2238 sic
753 2202 821 2253 egisse
838 2200 971 2247 existinretis;
997 2200 1109 2240 sciendum

28 2271 142 2320 animast,
166 2265 242 2306 multos
258 2276 340 2306 exstare
350 2264 420 2316 locos,
442 2268 465 2307 in
477 2267 675 2323 quibusVersionis
690 2269 791 2322 simplicis
807 2270 906 2312 ordinem
919 2269 1030 2311 omntfide
1043 2281 1110 2313 trans-¹

21 2341 144 2394 scripserit,
171 2338 231 2380 atde
244 2336 276 2378 his
290 2337 387 2379 nondum
399 2336 433 2378 lric
446 2352 516 2381 sermo
529 2339 559 2381 fit.
591 2342 618 2381 Et
630 2334 657 2382 a'd
668 2340 720 2382 illud
732 2356 798 2397 genus
810 2342 952 2383 adscribamus
963 2341 1036 2383 Amos.
1051 2341 1075 2394 5,
1089 2345 1110 2385 5.

224 2431 261 2471 Vs.
278 2430 335 2483 Syr&
782 2435 933 2489 Eplamemut:

27 2505 118 2572 Κ(3μὶἶῶ
136 2505 196 2566 &MN
216 2503 274 2548 oia&
287 2504 332 2566 doc-r
350 2502 428 2562 (1352,
447 2503 524 2568 lbssm
608 2507 627 2558 ll
642 2507 770 2576 5552&le
792 2506 845 2551 ofrid
867 2506 939 2566 <Sabi
960 2507 1038 2565 lii-affl,
1054 2513 1110 2565 libio

435 2575 471 2628 aas
488 2578 524 2621 'ab
990 2581 1045 2641 ,aas
1061 2585 1113 2641 ,aa

27 2665 53 2701 Iu
66 2677 93 2702 ea
111 2663 165 2703 tude
180 2677 192 2702 e
207 2676 252 2717 qua
269 2661 440 2716 egrediebantur
455 2664 523 2708 mille,
608 2667 634 2705 In
648 2682 675 2706 ea
693 2666 749 2705 urbe
759 2681 771 2705 e
783 2681 828 2721 que
842 2668 1016 2723 egrediebantur
1029 2670 1108 2714 millia,

27 2734 172 2775 rernauebtart
185 2745 278 2775 ceritum.
609 2748 696 2778 centiam
712 2739 828 2779 bornicum
842 2754 888 2779 non
901 2742 1030 2781 remanebit.

976 2811 988 2847 5
