2449 3056
75 162 87 187 2
516 150 712 189 Prooanrnn.

76 266 167 320 contigit
185 262 324 314 adolescenti,
348 274 372 305 ut
387 264 506 320 Iacobus‘i)
520 275 565 306 tum
577 255 855 320 Nisibis'urbisepiscopus,
872 277 977 308 extorrem
990 280 1038 308 eum
1052 264 1157 313 benevole
1215 284 1217 287 >

77 340 194 391 acciperet,
210 338 319 391 sacrisque
328 335 402 377 litteris
415 336 550 387 informaret,
573 352 624 378 mox
638 340 712 388 etiam,
734 337 873 379 adolescentis
886 341 986 393 pietatem
999 332 1157 392 sollertiamque

76 408 227 461 admiratus⁵>,
250 410 274 447 in
290 421 315 448 ea
329 406 413 458 schola,
439 410 473 449 cui
486 412 532 462 ipse
549 419 655 463 praeerat,
679 411 822 463 praeceptoris
836 424 924 451 munere
940 406 1059 462 ornaret⁶).
1091 409 1158 459 Quin·

77 481 152 529 etiam,
170 493 236 534 quum
254 481 277 519 in
293 478 412 531 Bithyniam
424 478 594 534 proficisceretur
607 480 707 530 Iacobus,
724 492 747 521 ut
764 480 855 521 concilio
867 483 963 521 Nicaeno
980 478 1077 531 (abad)
1094 480 1157 519 inter-

77 561 142 601 esset,
158 549 285 605 discipulum
297 549 337 591 sibi
350 551 433 591 socium
447 551 593 606 assumpsitl).
624 552 697 606 Aque
708 554 784 593 itinere
796 552 871 604 redux,
887 555 952 593 vitam
964 551 1037 592 duram
1051 565 1076 592 ac
1088 548 1158 591 solita·
1197 598 1200 602 =

76 626 129 665 riam
145 624 188 677 egit
200 621 344 675 Ephraemus,
365 623 387 662 in
402 623 519 676 scripturae
532 636 605 663 sacrae
620 622 713 663 lectione
724 637 747 663 se
760 633 828 664 totum
840 624 921 664 abdidit
932 624 1059 678 ieiuniisque
1070 622 1157 670 vacavit,

78 709 149 750 eoque
161 695 256 732 omnium
271 692 434 733 admirationem
450 704 471 734 et
484 707 577 733 amorem
589 692 630 733 sibi
644 694 770 733 conciliavit.
802 695 829 734 At
841 708 891 736 vero
904 694 958 736 haec
968 704 1044 748 pacata
1057 704 1078 735 et
1090 705 1158 746 opaca

77 768 119 805 vita
131 778 181 804 mox
196 766 248 804 tristi
263 762 308 804 fato
320 763 462 818 perturbatur.
493 764 570 804 Nisibis
586 767 642 804 euim
659 766 719 804 initio
736 766 818 818 imperii
832 767 951 820 Constantii
966 781 978 805 a
992 765 1073 818 Sapore
1086 765 1159 805 Persa-

76 851 123 877 rum
137 850 187 890 rege
198 834 283 875 obsessa
299 837 331 885 (a.
340 835 404 885 558),
420 837 455 874 vix
465 834 544 875 Iacobo
557 838 664 890 Episcopo
677 847 777 890 precante
788 835 899 885 liberatur;
916 850 967 876 mox
980 846 1049 875 autem
1062 834 1115 875 obiit
1128 836 1158 874 Ia-

78 908 144 951 cobus
155 910 183 958 (a.
193 907 250 957 358)
263 905 374 961 Nisibique
386 905 439 946 urbe
452 908 570 957 asseriano,
587 907 662 947 Iuliani
673 907 799 957 successore,
815 909 882 949 Persis
893 906 968 947 tradita
983 909 1014 957 (a.
1023 906 1075 946 355.
1087 904 1158 946 etes-
1201 913 1206 920 '

78 994 123 1022 sarr.
135 981 157 1018 Β,
169 978 196 1018 Ο.
209 979 224 1016 Ι.
240 991 259 1031 p.
269 978 306 1016 31.
316 979 373 1027 Not.)
384 965 501 1032 soboleque
514 991 584 1017 eversa
591 1006 597 1027 ,
618 978 758 1031 Ephraemus,
775 989 914 1032 praeceptore
924 992 950 1018 ac
962 992 1050 1023 attinere
1064 976 1156 1025 orbatus,
1192 1006 1198 1012 .

76 1053 167 1106 patriam
178 1047 249 1090 valere
261 1051 321 1088 iussit
336 1058 401 1102 atque
411 1050 433 1088 in
444 1050 589 1088 Romanorum
602 1058 679 1088 terram
690 1052 782 1089 secessit.
814 1050 855 1090 Hic
867 1048 984 1103 baptizatus
998 1048 1055 1101 est⁸)
1066 1047 1159 1101 indeque

77 1121 187 1170 Amidam,
208 1121 280 1160 matris
294 1118 379 1168 urbem,
395 1132 419 1159 se
430 1119 526 1159 contulit.
559 1120 609 1158 Post
620 1119 730 1169 Edessam,
745 1131 790 1160 tum
802 1119 879 1160 scholis
894 1130 991 1161 ornatam
1002 1117 1159 1160 liberalissimis-

79 1208 121 1250 que
133 1190 205 1233 stadiis
219 1190 352 1239 affluentem,
373 1191 498 1243 praesertim
511 1204 575 1245 quum
588 1191 664 1230 Persae
674 1190 743 1230 studia
753 1192 845 1231 maxime
857 1190 986 1242 colerent9),
1007 1189 1100 1236 facessit,
1122 1187 1160 1228 ubi

61 1264 197 1307 ‘balneatori
210 1261 306 1311 cuidam,
328 1263 407 1315 quippe
420 1262 481 1300 initio
495 1274 538 1300 non
552 1259 650 1310 haberet,
674 1262 732 1300 unde
743 1264 822 1301 victum
834 1261 874 1302 sibi
887 1271 981 1315 pararet,
1005 1275 1091 1315 operam
1103 1259 1160 1300 loca·

77 1338 126 1384 bat;
141 1338 164 1376 in
175 1332 289 1374 subsecivis
299 1342 370 1372 tamen
380 1331 436 1371 horis
446 1345 540 1386 paganos
552 1334 588 1386 qui
594 1331 685 1372 Edessae
697 1331 803 1371 idolorum
815 1332 872 1371 cultu
883 1342 1011 1380 teneremur,
1027 1329 1159 1371 sermonibus

79 1419 101 1450 et
113 1402 302 1459 disceptationibus
316 1401 344 1441 ad
358 1403 457 1442 virtutem
475 1415 576 1441 revocare
587 1401 691 1442 studebat.
725 1401 788 1452 Quod
800 1414 865 1454 quum
877 1399 959 1440 assidue
970 1399 1060 1449 faceret,
1083 1400 1160 1440 accidit

79 1476 206 1533 aliquando,
222 1485 245 1514 ut
259 1472 376 1514 monachus
389 1472 475 1527 quidam
488 1484 537 1510 eum
550 1469 692 1526 disputantem
705 1471 787 1510 audiret
799 1473 861 1524 eique
872 1470 1017 1523 persuaderet,
1033 1480 1057 1509 ut
1069 1468 1159 1511 sordidis

80 1553 125 1592 istis
137 1545 212 1590 officiis
225 1544 324 1595 ablectis,
339 1544 396 1585 vitae
406 1540 547 1584 monachicae
560 1544 583 1583 ia
595 1551 669 1582 monte
682 1542 750 1596 prope
760 1540 860 1582 Edessam
871 1540 960 1595 posthac
971 1554 994 1584 se
1007 1536 1129 1597 applicaret.

80 1661 213 1675 ...aun-—

100 1731 118 1767 a)
132 1732 190 1760 Arsen.
200 1730 216 1759 B.
224 1729 242 1757 0.
251 1729 263 1757 I.
273 1737 290 1767 p.
299 1734 321 1763 17.
340 1725 372 1756 Alii
383 1725 459 1756 Iacobum
469 1725 567 1756 Edessenum
578 1724 597 1763 (†
606 1726 640 1757 init.
651 1733 690 1757 saec.
700 1724 753 1762 vul.)
766 1722 792 1754 alii
803 1723 876 1753 Iacobum
884 1722 994 1762 Sarngensem,
1005 1721 1088 1763 Ephraemi
1098 1726 1160 1762 praeoe-

120 1776 334 1820 ptoremfuissesomniant,
354 1777 412 1807 Assem,
422 1775 433 1805 l.
442 1774 453 1806 l.
463 1785 480 1815 p.
488 1781 521 1810 470.
1112 1777 1115 1782 ⁴

76 1859 77 1862 ,
102 1835 120 1873 ς)
134 1832 243 1864 Nihilominus
254 1839 306 1861 tamen
316 1829 456 1876 ipseEphraemas
468 1837 532 1870 peccata
543 1838 632 1867 erroresque
643 1827 756 1858 adolescentiae
767 1837 804 1856 suae
814 1827 913 1857 acerbissime
923 1825 994 1865 deplorat
1005 1827 1021 1856 in
1031 1832 1097 1855 tractam
1108 1824 1124 1852 rle
1134 1824 1161 1852 Rc·

117 1884 209 1922 pr'clreasr'orle
222 1881 232 1911 l.
242 1881 253 1910 l.

102 1938 226 1977 6)2.Benattibns
237 1946 262 1975 ap,
271 1937 327 1966 Assem,
338 1936 354 1965 Β,
364 1935 382 1966 0.
392 1934 437 1966 Tem.
448 1935 476 1966 ΙΙΙλ
487 1935 503 1966 Ρ,
511 1935 531 1964 ll.
541 1944 557 1974 p.
564 1937 593 1970 924
603 1933 650 1962 verba
660 1931 708 1961 habet
717 1931 764 1962 haec:
780 1930 844 1959 lacobus
853 1929 926 1958 Sanctum
938 1928 1043 1968 Ephraemum
1055 1927 1106 1958 Nisibi
1115 1929 1161 1964 syria·

121 1998 149 2018 aaa
159 1987 222 2025 linguae
235 1987 327 2023 magistrum
338 1986 424 2014 constituit,
434 1999 455 2005 -
471 1985 546 2025 Ceterum
558 1984 674 2021 grammaticam
685 1984 759 2018 syriacam
770 1981 848 2019 scripsisse
857 1978 972 2018 Ephraemum,
989 1985 1035 2016 negat
1045 1980 1057 2008 l.
1068 1977 1082 2009 S,
1092 1978 1162 2006 assant·

121 2048 151 2067 uus
162 2037 181 2066 ad
192 2038 233 2076 Opp.
242 2044 264 2073 gr.
275 2037 291 2064 iu
301 2033 370 2073 Pralegg.
382 2044 397 2074 p.
409 2041 432 2065 11,
443 2043 475 2062 non
488 2035 538 2067 enim,
552 2034 612 2070 inquit,
623 2030 707 2070 Ephraemi
720 2037 769 2072 aetate
780 2030 880 2067 grammatica
889 2029 936 2057 scribi
946 2034 999 2068 coepta
1009 2026 1066 2059 iuerat.

102 2105 196 2143 7).hsssn.
207 2105 224 2132 Β.
236 2105 254 2133 Οζ
268 2105 279 2135 1,
291 2113 307 2141 p.
317 2109 340 2138 31.
350 2110 382 2132 not.
396 2100 503 2141 Ephraemnm
519 2099 585 2130 concilio
600 2098 671 2129 Nicaeae
686 2097 774 2128 interluisse
788 2097 840 2124 omnia
856 2094 958 2124 Orientalium
974 2099 1074 2121 monumenta
1090 2091 1162 2124 clamant,

121 2155 168 2184 Haurl
177 2154 234 2192 igitur,
243 2152 314 2181 omnihus
324 2152 419 2190 argumentis
431 2152 523 2185 destitutus,
536 2150 577 2181 illud
588 2150 658 2179 dubitare
669 2148 735 2177 debebat
744 2150 839 2177 curramus
850 2145 866 2173 cle
875 2144 919 2172 indole
928 2143 997 2172 versionis
1006 2151 1034 2178 syr,
1044 2150 1072 2173 etc,
1084 2143 1162 2181 Goetting.

122 2210 164 2238 1527.
182 2202 208 2244 (p.
220 2202 249 2239 ιι.)

104 2271 122 2308 8)
134 2264 544 2308 llagnaesttemporisqueEphraemusbaptizatus
555 2264 612 2297 hierit,
624 2261 700 2295 confusio.
719 2261 766 2301 Apud
773 2263 873 2298 Anonymum
883 2259 948 2298 legimus
959 2258 1005 2289 haee:
1022 2243 1085 2297 iberici
1101 2242 1163 2290 ildizo

127 2318 179 2376 <ad-³
193 2315 267 2368 'milti
278 2316 343 2376 ,(ιῖωέ
358 2312 383 2367 ’,γῦ
396 2312 486 2367 aetolia(
495 2313 516 2367 ,ol
530 2312 601 2373 mstis
612 2314 643 2371 (N)
658 2308 686 2365 ,nv
696 2307 747 2353 20¹ss
758 2306 877 2363 ibahobaxbos
894 2322 906 2350 i·
915 2304 928 2351 e]
939 2327 953 2348 et
963 2317 1014 2357 accepi}
1024 2320 1110 2355 signaculum
1120 2319 1165 2357 bapti·

124 2392 173 2421 sartis
184 2390 204 2428 (i.
215 2401 227 2423 e.
238 2390 352 2421 conlsssicnem
362 2371 469 2430 baptismatis,
480 2370 576 2426 adpliolov,
588 2367 676 2426 praestitit)
687 2384 724 2422 apud
732 2392 774 2412 transm
784 2383 851 2411 esartcris
856 2382 929 2420 patr-ihus,
940 2387 969 2408 otro
980 2387 992 2408 ει
1002 2380 1054 2416 viginti
1064 2389 1107 2409 asinos
1117 2387 1164 2409 narras.

124 2442 141 2471 Si
152 2444 186 2480 quis
199 2451 257 2470 annum
268 2450 298 2479 qno
311 2439 410 2479 Ephraemus
423 2440 463 2468 obiit
473 2438 521 2476 (378)
532 2438 620 2467 consideres
631 2444 646 2465 et
658 2444 688 2473 qno
700 2441 770 2472 tempore
780 2431 808 2461 illa
819 2434 899 2461 Persarum
910 2430 968 2460 invasio
981 2429 1043 2464 incidit,
1058 2431 1165 2467 beirevcagitet

125 2491 164 2527 (363
174 2492 202 2520 sub
212 2491 290 2528 loriano),
301 2492 334 2528 quis
345 2499 375 2525 est,
387 2491 415 2527 qui
425 2479 493 2522 dubitet,
505 2490 543 2526 quin
550 2487 576 2517 hie
586 2497 629 2515 error
638 2484 697 2514 lateat?
712 2484 753 2513 Nam
761 2480 867 2521 Ephraemum
878 2479 990 2509 adolescentem
1000 2479 1083 2507 admodum
1096 2478 1164 2516 baptiza·

124 2549 210 2578 tamesae,
227 2542 274 2570 exiis
285 2549 324 2577 quae
335 2541 424 2579 iamsupra
435 2537 507 2575 (Nom)
520 2537 617 2570 dictasunt,
632 2540 704 2574 apparet;
724 2542 754 2561 nec
767 2532 817 2560 minus
829 2537 889 2558 certum
900 2538 933 2557 esse
943 2528 1011 2562 videtur,
1028 2527 1067 2557 illud
1079 2527 1097 2554 ab
1108 2527 1164 2570 Iacobo

124 2592 139 2621 ei
148 2593 233 2629 contigisse.
252 2590 321 2628 Tempus
332 2590 387 2627 igitur,
402 2598 432 2626 qno
444 2587 484 2617 illud
495 2587 575 2620 acciderit,
590 2584 632 2614 fallit
644 2591 727 2613 auctorem.
746 2579 793 2610 Nihil
803 2588 866 2609 carissae
878 2585 908 2610 est,
920 2588 991 2607 curcum
1002 2580 1086 2607 Assacano
1098 2577 1112 2607 Β,
1124 2578 1142 2605 Ο.
1153 2577 1164 2607 l.

123 2649 174 2682 1231,
186 2648 279 2673 statuamus,
294 2637 409 2678 Ephraenrnm,
424 2648 484 2666 rnorem
501 2639 582 2674 antiquum
597 2640 688 2677 sequutum,
708 2630 786 2660 distulisse
797 2630 897 2668 baptismum.
917 2628 979 2656 Rectius
989 2626 1056 2655 fortasse
1070 2632 1123 2654 monet
1134 2625 1165 2661 ille,

122 2690 182 2724 multa,
197 2699 236 2728 quae
247 2689 288 2729 apud
298 2690 398 2724 Anonymurn
408 2695 498 2720 narrentur,
513 2686 557 2716 illam
568 2691 663 2725 postremam
674 2680 759 2722 Ephraemi
770 2680 789 2709 ab
799 2679 837 2707 urbe
847 2677 900 2707 Nisibi
911 2677 1020 2707 discessionem
1031 2676 1135 2706 antecessisse.

103 2760 122 2797 9)
137 2762 195 2791 Assera.
205 2760 222 2790 Β,
231 2760 250 2788 Ο.
263 2758 307 2787 Tem,
318 2757 346 2788 Ill.
358 2756 373 2785 P,
385 2757 405 2785 ll.
420 2766 435 2795 p.
444 2763 473 2792 924
482 2765 516 2793 sqq.
