2449 3056
525 172 718 226 Pnrooantruu.
845 203 849 207 i
1148 160 1163 203 ὅ

76 295 213 346 coniunctam
225 292 326 334 videmus.
352 292 437 333 Etenim
449 291 585 341 exstiterunt,
602 289 638 345 qui
647 288 689 329 hoc
701 297 758 328 certe
769 301 795 327 ex
806 290 927 327 narratione
935 285 970 325 illa
982 284 1087 338 consequi
1101 292 1172 336 puta-¹

66 375 128 415 irent,
137 365 280 420 Ephraemum
292 363 446 405 consuetudine
456 362 525 404 Basilii
538 375 635 417 graecam
643 361 738 416 linguam
747 353 845 400 didicisse
852 359 883 410 ¹³).
899 357 941 399 Sed
951 356 1017 396 facilis
1027 365 1049 397 et
1059 363 1159 410 prompta

0 472 10 493 ,Α
73 446 106 478 est
116 434 228 486 refutatio,
246 449 312 490 quum
323 436 370 489 ipsa
383 437 476 475 narratio
488 434 553 474 multa
565 433 676 488 praebeat,
699 446 753 488 quae
765 431 823 477 illam
836 431 964 472 sententiam
976 426 1088 468 infirment.
1122 426 1158 473 De

0 501 8 552 s*
72 506 193 561 Ephraemo
210 508 267 547 enirn
282 506 304 547 id
317 516 399 547 certum
417 517 449 547 est
463 517 484 548 et
498 505 641 560 exploratum,
663 489 838 560 qnandoquidem
850 505 967 555 interprete
979 497 1090 548 utebatur,
1107 512 1158 539 eum

4 571 7 620 ἶ
71 589 132 628 ante,
149 591 213 633 quarn
222 578 476 628 Basiliumconvenisset‚
499 590 575 633 graece
586 575 644 616 haud
655 577 749 625 scivisse;
767 577 825 631 atqui
837 575 894 615 hanc
905 573 1017 614 scientiam
1030 571 1080 609 Deo
1093 571 1156 610 inter-

70 648 162 689 cedente
173 648 316 703 precibusque
327 648 397 689 Basilii
408 651 479 690 statim
492 651 511 691 ei
525 650 647 704 contigisse,
670 647 813 703 quiscredat?
835 660 877 688 nec
887 647 991 685 maiorem
1006 643 1099 684 veritatis
1110 654 1155 693 spe-

70 721 125 760 ciem
139 717 181 760 fert
195 733 221 759 ea
236 722 320 773 opinio,
341 719 484 775 Ephraemurn
499 721 550 762 dum
566 722 683 761 Caesareae
696 731 801 769 moratur,
822 718 916 772 linguam
933 728 1031 770 graecam
1051 712 1157 761 didicisse,

70 800 136 853 quum
150 791 207 844 apud
223 792 359 842 Anonymum
377 794 409 845 (p.
419 795 461 846 47)
477 792 545 847 legas:
564 794 588 830 in
602 794 652 846 ipsis
663 793 708 831 illis
719 791 796 830 (liebus
809 782 888 841 (libzi,
900 780 973 848 pilas
984 779 1053 847 ρέιε)
1064 798 1106 825 nec
1118 786 1156 823 nri-

68 875 108 903 nus
123 861 179 916 apud
190 861 467 917 Pseudo-Amphilochium
479 866 502 904 in
514 863 579 917 Ephr.
591 864 647 918 Opp.
661 877 691 919 gr.
701 865 716 903 I.
728 877 749 918 p.
758 864 799 905 56:
811 871 863 918 post
875 870 918 910 tres
931 861 978 899 {lies
990 872 1038 899 eum
1051 858 1155 897 Caesarea

69 932 199 984 discessisse,
222 947 264 974 nec
281 935 353 975 tamen
370 933 421 975 alius
438 936 567 990 quisquam,
581 936 629 975 'nisi
643 935 807 988 Anonymuset
822 931 984 987 Amphilochius
999 933 1031 971 rei
1049 929 1154 986 meminit.

52 1003 175 1059 ‘Numquid
197 1004 275 1055 credis,
299 1005 448 1059 ⁵Ephraentum
467 1017 510 1053 tam
528 1006 586 1048 brevi
602 1009 702 1059 temporis
715 1009 784 1060 spatio
803 1008 826 1046 in
838 1005 910 1060 lingua
930 1016 1006 1058 graeca
1022 997 1153 1056 profecisse?

66 1074 109 1116 Sed
121 1074 171 1115 altas
188 1075 276 1117 dubita
262 1087 330 1118 iones
345 1078 408 1118 etiarn
420 1079 512 1117 narratio
526 1089 604 1119 movet.
638 1079 752 1129 Quaeritur
763 1091 830 1127 ennn
848 1091 900 1116 num
916 1088 1010 1129 unquam
1025 1086 1099 1113 coram
1114 1084 1153 1122 po·

65 1144 116 1199 pulo
130 1145 194 1187 verba
211 1145 385 1207 feceritBasilius
401 1149 521 1199 (einaim
528 1148 556 1189 ad
572 1149 629 1209 Opp.
642 1148 704 1190 Basil.
721 1150 824 1189 Tom.lll
825 1163 870 1204 ..p
885 1148 955 1198 reliq)
972 1147 1031 1200 atqui
1048 1156 1099 1185 vero
1116 1141 1152 1180 hic

48 1229 115 1276 >eum
124 1229 289 1259 concionantem
300 1221 379 1273 repent
387 1219 529 1274 Eplir'remus'
561 1221 645 1275 Neque
650 1235 716 1276 magis
728 1220 751 1260 1d
765 1219 878 1274 probatur,
900 1217 990 1274 quodu
992 1228 1091 1271 trumque
1112 1213 1153 1254 sibi

63 1288 155 1329 invicem
167 1290 264 1343 ignotum
278 1288 343 1333 fuisse
353 1293 466 1345 scriptores
477 1290 637 1346 Amphilochius
649 1303 670 1333 et
683 1293 808 1344 Anonymus
821 1290 944 1347 perhibent,
965 1290 1044 1330 iccirco
1056 1284 1150 1342 quidem,

65 1359 116 1412 quia
127 1359 213 1400 Basilius
230 1375 295 1413 quum
307 1363 487 1416 Mesopotamiam
500 1362 628 1404 monachica
642 1365 725 1405 ratione
733 1364 825 1405 'obiisset
841 1365 948 1420 (Genesion
958 1359 997 1414 ll.
1007 1359 1027 1414 S.
1040 1360 1069 1410 4.)
1086 1356 1150 1419 facile

63 1440 113 1468 eum
125 1431 248 1482 cognovisse
266 1440 356 1483 poterat.
394 1432 458 1473 Haud
474 1447 527 1475 sane
538 1435 595 1484 scio,
613 1448 641 1476 an
660 1435 747 1477 Basilius
764 1436 811 1490 ipse
825 1433 890 1476 fuerit
908 1431 1026 1473 monachus
1041 1429 1088 1480 ille,
1112 1429 1149 1483 qui

62 1499 138 1540 viseret
148 1498 298 1553 Ephraemum.

118 1616 226 1657 Permulta
242 1631 307 1672 porro
325 1621 385 1674 signa
402 1619 517 1673 habemus,
541 1636 597 1679 quae
615 1622 700 1666 fabulae
713 1622 796 1673 fontem
810 1636 831 1665 et
847 1626 950 1680 originem
963 1622 1065 1663 indicant.
1104 1619 1148 1658 Pri-

61 1699 119 1727 mum
134 1688 202 1738 eninr,
227 1703 292 1743 quum
303 1691 440 1744 vEphraernus
458 1694 607 1735 Diaconorum
623 1697 646 1736 in
662 1696 759 1744 ordinem
773 1699 912 1749 reciperetur,
934 1694 1023 1735 fortasse
1040 1691 1145 1747 quispiam

61 1771 137 1811 graeca
154 1759 294 1802 ordinationis
307 1760 409 1814 formula,
432 1774 456 1804 ut
473 1764 576 1807 ecclesiae
592 1781 638 1807 mos
652 1765 752 1820 ferebat,¹
760 1769 855 1821 praeivit.
892 1765 978 1807 Deinde
989 1767 1033 1805 iam
1045 1761 1146 1816 antiquis-

59 1829 117 1868 simis
136 1829 277 1882 temporibus,
296 1833 428 1884 Hieronymo
445 1845 498 1877 teste
515 1836 585 1889 (catal.
601 1853 640 1879 scr.
657 1838 709 1880 eccl.
724 1852 742 1879 c.
760 1836 820 1891 115.)
836 1849 857 1879 et
869 1839 990 1879 Sozomeno
1013 1837 1052 1886 (Η.
1073 1835 1097 1873 E·
1108 1833 1142 1871 ΠῙ-
1188 1827 1191 1832 ’

13 1941 14 1944 ¹
63 1898 328 1960 16.)1Ephraemiscripta
341 1904 363 1944 in
376 1904 470 1961 linguam
481 1921 579 1962 graecam
592 1909 701 1959 translatu,
719 1908 907 1964 pervulgabantur,
924 1908 983 1950 unde
994 1896 1058 1949 facile
1070 1903 1142 1954 fiebat,

59 1978 82 2012 ut
98 1971 171 2023 opinio
184 1973 315 2025 gigneretur,
344 1975 489 2029 Ephraemum
504 1991 581 2034 graece
599 1982 706 2037 scripsisse
724 1991 760 2022 aut
779 1991 835 2022 certe
856 1994 903 2021 earn
923 1981 1018 2036 linguam
1038 1977 1140 2019 calluisse.

58 2038 143 2095 Deinde
161 2054 226 2096 quum
244 2042 271 2083 de
290 2058 316 2085 eo
336 2048 477 2100 accepissent,
505 2054 629 2092 convenisse
643 2065 691 2092 eum
709 2052 824 2108 aliqnando
842 2047 951 2103 Basiliam,
980 2064 1079 2107 graecum
1101 2047 1140 2088 ho-

57 2113 147 2172 minem,
168 2126 210 2153 neo
223 2115 312 2166 scirent,
329 2117 449 2172 interpretis
463 2122 551 2161 omnino
565 2122 651 2177 quidem
665 2122 737 2176 obliti,
753 2127 790 2179 qui
801 2123 881 2165 facturn
894 2127 930 2175 sit,
946 2134 970 2164 nt
983 2122 1046 2163 ambo
1061 2134 1141 2163 sermo-

56 2195 94 2223 nes
109 2181 241 2233 conferrent,
264 2187 305 2227 nisi
319 2186 372 2228 alter
386 2188 470 2231 alterius
484 2190 578 2247 linguam
589 2192 723 2249 loqueretur,
741 2209 816 2237 eorum
832 2198 913 2236 animus
927 2197 949 2236 in
962 2198 1024 2237 istam
1037 2190 1139 2234 mirificae

58 2252 166 2295 cuiusdam
183 2254 302 2312 linguarum
315 2262 457 2303 concessionis
471 2265 621 2319 cogitationem
633 2266 715 2308 incidit.

109 2379 155 2435 rige
169 2394 219 2422 vero
237 2382 265 2424 de
282 2387 408 2429 narrationis
425 2387 486 2431 fonte
503 2389 562 2430 dubit
555 2393 617 2432 taturi
635 2393 711 2443 simus,
736 2409 786 2435 narn
803 2398 863 2436 enini
876 2395 953 2437 idonea
971 2392 1014 2434 lide
1033 2407 1080 2436 earn
1094 2393 1138 2448 pla

37 2464 82 2520 ne
95 2449 217 2493 destitutam
231 2467 277 2497 esse
293 2460 437 2512 cognovimus
468 2462 553 2502 Etenim
573 2464 617 2503 eius
630 2475 739 2506 auctorem
759 2466 841 2508 nullum
857 2467 923 2509 habes
939 2468 980 2508 nisi
997 2466 1136 2517 Anonymum

52 2536 133 2574 syrum,
153 2523 217 2563 istum
229 2523 305 2569 fabulis
317 2543 374 2571 varie
385 2529 481 2573 fucatum
494 2535 589 2589 mireque
601 2533 752 2588 deformatum,
777 2541 835 2580 cuius
847 2551 916 2580 rncer
917 2553 988 2581 rssnna
999 2539 1087 2593 vestigia
1099 2551 1136 2577 an

51 2595 86 2636 xie
103 2595 179 2649 pressit
196 2608 221 2637 ea
234 2602 327 2662 narratio
341 2604 394 2644 vitae
411 2603 579 2659 Ephraemianae
596 2620 650 2662 quae
662 2608 836 2664 Amphilochiol
838 2613 895 2652 conii
911 2613 1017 2667 Episcopo
1032 2609 1086 2651 fuleo
1100 2608 1135 2649 ad-

55 2716 171 2725 --——.

70 2781 97 2819 ιθ)
111 2782 226 2817 ¹³⁵⁵E¹l¹·fl¹⁰⁴
238 2789 345 2828 1111171,
365 2789 548 2824 Sl'OHthrsstt'tntete.
564 2798 613 2835 1116,
633 2798 684 2828 Wnnt
696 2797 736 2828 libro
748 2798 789 2829 inira
801 2800 904 2840 laudandop,
916 2806 939 2839 35.
953 2804 976 2834 86,
996 2802 1135 2839 (internupta.
