2449 3056
372 1049 759 1154 Panurnrro

509 1227 622 1235 m

79 1391 186 1453 Habetis,
213 1407 262 1444 BB.
279 1407 339 1456 LL.,
372 1407 399 1447 de
416 1407 530 1461 Ephraemi
552 1407 624 1448 critica
643 1408 726 1446 ratione
745 1392 795 1459 quid
816 1407 915 1453 sentiam,
940 1414 961 1447 et
980 1412 1111 1460 quamquam

26 1504 108 1552 anania,
124 1511 147 1541 ut
161 1509 238 1554 spero,
253 1515 291 1541 suo
305 1500 354 1543 loco
370 1496 419 1543 sunt
439 1503 546 1556 exposita,
570 1512 642 1543 tamen
657 1504 778 1543 necessario
795 1499 916 1543 faciendum
933 1515 958 1543 ac
974 1499 1035 1542 simui
1052 1509 1112 1553 opta-

2 1651 8 1660 Ἴ,
25 1613 69 1643 tum
91 1610 113 1641 et
129 1596 246 1638 iucundum
264 1598 371 1647 existimo,
402 1583 455 1639 illud⁴
469 1600 492 1639 in
509 1597 656 1653 disputationis
673 1600 732 1655 quasi
754 1597 828 1638 limina
845 1600 917 1651 paucis
935 1608 1109 1645 commemorare,

25 1697 84 1755 quod
101 1697 142 1738 viri
162 1697 267 1735 omnium¹
282 1686 417 1735 eruditissimi
436 1693 464 1736 de
484 1694 603 1749 Ephraemo
631 1696 741 1736 senserinn
787 1695 818 1734 Eo
839 1697 938 1736 nimirum
960 1707 1035 1735 srnnes
1058 1705 1109 1731 con-

24 1796 123 1840 ueniunt,
153 1791 212 1846 quod
234 1770 337 1832 sermonis
357 1790 462 1846 elegantia
486 1793 581 1832 omnium
602 1792 702 1843 Syrorum
724 1788 912 1834 excellentissimus
935 1791 998 1833 fuerit
1017 1788 1110 1842 Ephrae-

24 1906 82 1940 mus,
111 1898 296 1947 quarequantum
312 1901 338 1928 ex
355 1889 398 1930 eius
415 1889 538 1944 cognitione
559 1886 693 1929 efflorescere
710 1898 731 1929 et
750 1886 870 1931 redundare
892 1893 991 1944 oporteat
1014 1899 1109 1936 commo-

26 1988 76 2029 dum
92 1985 177 2040 linguae
200 1985 304 2035 syriacae,
333 1999 397 2025 nemo
419 1998 472 2025 sane
487 1985 565 2026 nescit!
593 1983 644 2025 illud
667 1998 740 2026 ornnes
762 1989 888 2036 assentiunt,
918 1987 1069 2027 sententiarum
1086 1982 1109 2021 in

24 2083 94 2125 Bibh‘is
112 2082 132 2122 ei
148 2080 323 2134 praescriptarum
343 2080 473 2121 intellectum
490 2081 616 2137 plerumque
631 2095 678 2123 erun
697 2082 806 2135 praeclare
823 2098 868 2126 csse
884 2092 1033 2138 assequutum3
1056 2078 1109 2120 iilud

25 2181 188 2224 clarissimorum
211 2178 293 2231 scn'ptis
316 2191 385 2232 nuper
403 2187 434 2219 est
453 2177 605 2232 approbatum,
639 2179 662 2218 in
680 2177 743 2220 rebus
764 2194 819 2235 quae
842 2182 868 2221 ad
890 2192 972 2233 veteres
995 2174 1108 2227 nonnullas

24 2277 135 2333 religiones
151 2254 177 2316 ac
193 2273 315 2330 dogmatum
331 2274 440 2317 historiam
454 2276 571 2329 pertinent,
603 2289 652 2315 eum
672 2258 721 2316 esse
743 2275 825 2318 fontem
848 2278 1020 2332 copiosissimum.
1063 2275 1109 2312 Iam
1132 2252 1133 2255 Ἴ

23 2387 73 2417 uero
93 2374 148 2413 istuc
169 2382 272 2426 qnantum
292 2373 318 2413 sit
333 2372 478 2413 adiumentum
496 2371 553 2427 quod
571 2371 598 2412 ad
616 2382 709 2413 veterem
726 2373 851 2415 Versionem
870 2377 972 2424 syriacam
994 2369 1109 2412 emendan-

25 2469 73 2509 dam
93 2467 144 2506 inde
161 2466 272 2518 afferatur,
303 2471 321 2509 si
342 2474 472 2525 cognoscere
494 2470 577 2522 cupias,
607 2483 631 2510 ea
650 2471 673 2509 in
696 2483 797 2525 promptu
812 2479 876 2520 sunt,
908 2482 963 2525 qnae
983 2481 1022 2509 nos
1045 2467 1108 2507 latius

23 2568 66 2607 iam
79 2563 238 2619 vexplicavimus¹
279 2564 361 2617 Quibus
377 2565 404 2606 de
421 2568 508 2615 caussis,
541 2567 587 2621 quis
603 2579 649 2606 non
669 2569 714 2609 iure
729 2570 827 2617 miretur,
851 2582 877 2610 ex
899 2565 996 2608 omnibus
1018 2566 1054 2621 qui
1074 2563 1106 2603 his

22 2664 46 2703 in
69 2659 142 2703 studiis
163 2657 284 2711 floruerint,
316 2673 359 2716 tam
381 2664 479 2718 exiguum
503 2676 576 2705 eorum
595 2677 707 2706 numerum
722 2664 813 2706 inveniri
834 2669 870 2721 qui
893 2662 928 2705 illa
950 2661 977 2703 ad
993 2660 1106 2717 Ephraemi
