2449 3056
301 185 351 224 Car.
361 184 377 223 l.
408 184 445 223 De
463 183 576 223 Versionc'
586 182 615 222 ab
631 181 759 237 Ephraemo
777 191 885 222 tractam.
1113 190 1151 233 27¹

54 305 118 360 Ephr.
131 305 156 343 II.
169 301 204 343 52.
217 304 239 342 Β.
251 301 338 343 Scliolio
352 299 463 341 admiscuit
476 297 543 342 haec:
561 295 633 347 {drino
650 297 732 361 423sz
741 292 849 352 ,lphtol‘iln
870 298 899 354 <32
917 295 970 345 licii
981 299 1013 339 sic
1026 295 1072 337 fere
1084 295 1142 334 LXX

55 385 100 421 ἔσται
110 380 182 428 Ἰσραήλ
195 381 276 427 (τρίτος)
289 381 307 415 ἐν
319 383 355 420 τοῖς
365 372 467 424 A't'yvmlotg
479 379 507 414 nal
518 379 536 413 ἐν
548 383 583 420 τοῖς
594 376 694 422 'Amostae
706 375 825 423 εὐλογημένος.
849 372 912 427 Atqui
925 385 988 426 quum
1000 372 1023 409 in
1035 369 1147 418 Verslone·
1183 418 1185 421 Α

54 465 94 504 syr.
116 446 221 490 invenias:
251 440 327 505 ἰᾎοίᾷε
343 439 424 494 la‘iozllo
439 444 521 507 123qu
538 444 702 503 (luhlpuipi)
721 444 791 493 ubal
808 444 868 492 loom,
893 434 1018 484 sumendum
1035 451 1078 490 est,
1101 436 1155 478 illa*

54 523 169 581 Eplrraemi
183 514 246 559 verba
264 512 290 558 ad
304 532 374 559 versus
389 507 424 557 25.
438 518 660 563 accommodationem
679 519 760 571 potius,
784 531 847 572 quam
863 514 1006 569 adScliolion
1025 514 1138 567 pertinere,

54 585 174 652 posteaque
189 592 275 632 demum
292 604 337 631 esse
349 588 477 643 interpolata
492 600 528 630 aut
544 604 570 647 ert
582 589 670 640 arbitrio,
681 599 760 629 mutata
774 588 799 629 ab
811 588 940 643 Epliraemo.

114 745 148 769 11.
179 729 234 768 Satis
253 727 320 767 multa
338 726 364 767 de
377 729 474 781 proximo
490 727 550 768 fonte
567 728 625 768 unde
641 726 724 768 notulas
741 742 789 767 suas
806 712 932 781 marginales
948 723 1032 762 duxerit
1047 717 1140 774 Ephrae-

54 814 112 849 mus;
127 801 222 855 sequitur
232 812 282 853 ergo
295 801 337 839 iam
351 802 452 841 remotior
462 799 498 839 ille
510 800 543 840 vel
554 800 682 840 Versionum
695 798 819 839 deliberatio
834 798 891 838 unde
904 799 956 837 istae
969 795 1073 848 lectiones
1085 803 1140 831 mar-

55 872 133 929 ginales
148 874 189 920 sint
202 870 351 924 depromptae,
369 886 404 922 ac,
421 885 449 912 ne
464 872 541 911 diutius
559 885 597 911 vos
616 871 726 920 demorer,
752 868 779 911 lie
790 872 849 910 omni
862 873 902 910 isto
916 882 1006 924 genere,
1029 864 1157 921 quidsen.

54 945 114 995 tiam,
131 943 222 984 breviter
234 956 347 995 exponam.
379 942 444 995 Quod
458 943 519 997 quale
536 945 592 984 enim
607 957 677 983 meum
690 943 791 983 iudicium
807 956 852 983 esse
867 941 944 982 debeat
960 941 986 980 de
1002 940 1026 994 iis
1044 938 1081 992 qui
1094 933 1140 975 illas

54 1031 81 1058 ex
92 1019 138 1069 ipso
152 1014 232 1055 Codice
247 1013 340 1054 hebraeo
357 1028 460 1069 graecore
472 1015 619 1067 Ephraemum'
633 1017 746 1068 sumpsisse
760 1025 864 1064 statuant,
890 1028 917 1054 ert
933 1016 957 1053 iis
974 1012 1023 1065 ipsis
1040 1020 1095 1066 quae
1105 1020 1139 1047 su·

53 1102 92 1143 pra
109 1088 165 1127 dicta
181 1096 242 1135 sunt,
261 1099 299 1125 sua
314 1096 390 1139 sponte
401 1073 521 1139 apparebit.
557 1088 633 1141 Neque
645 1097 717 1126 tamen
732 1089 798 1140 magis
810 1088 833 1125 in
846 1099 871 1124 ea
882 1086 1011 1125 sententiaa
1024 1083 1138 1120 Cuuuusuo

53 1160 94 1201 lata
108 1160 233 1213 acquiesco,
251 1170 306 1212 quae
318 1156 377 1197 illurn
387 1154 469 1197 fontem
482 1171 528 1200 esse
541 1159 639 1212 Origenis
654 1158 750 1211 Hexapla
766 1156 829 1198 nobis
839 1156 962 1197 insimulare
974 1154 1051 1194 studet.
1083 1152 1139 1190 Tota

54 1234 160 1273 Caucinum
173 1231 326 1283 argumentatio
338 1228 454 1270 rationibus
467 1230 524 1270 haud
534 1232 583 1270 satis
595 1229 660 1270 firmis
671 1232 755 1279 nititur,
773 1243 838 1284 quum
853 1230 910 1269 dicat
924 1227 959 1283 (p.
971 1225 1024 1280 44),
1040 1223 1063 1264 id
1075 1236 1098 1263 se
1109 1219 1134 1262 of
1141 1282 1142 1285 Ἴ

51 1303 149 1352 fendere,
172 1300 233 1355 qrtod
247 1315 274 1338 eac
283 1302 322 1339 'tot
334 1300 387 1339 locis
402 1302 516 1355 inquibus
531 1301 634 1351 Pescltito
648 1316 698 1341 crem
712 1311 776 1340 cextra
790 1301 895 1340 debraico
909 1315 954 1339 non
968 1307 1075 1338 cecinnae
1087 1308 1139 1334 con-

52 1376 128 1417 sentit,
150 1372 288 1425 prraenms
301 1386 343 1409 nec
356 1374 439 1427 nisiben
450 1364 577 1415 notaverit,
599 1368 715 1426 inquibus
730 1382 816 1412 veteres
831 1371 1060 1427 irzzcrpretesgrncci,
1084 1379 1137 1422 qnos

49 1447 180 1502 plerumque
187 1450 303 1495 sequatur,
318 1455 332 1479 cz
342 1441 366 1481 V
364 1443 448 1480 ardone
459 1442 562 1481 Percln'to
574 1443 688 1481 recedant.
722 1445 750 1482 At
761 1457 810 1482 vero
823 1443 880 1497 quod
891 1444 1014 1482 Cnuonuuus
1024 1442 1054 1479 ita
1065 1438 1137 1491 dispu-

52 1519 113 1566 tavit,
128 1514 238 1555 dictione
256 1510 354 1552 laborare
370 1522 391 1552 et
409 1514 477 1552 minus
496 1511 589 1552 dilucide
605 1513 712 1568 planeque
731 1528 776 1554 esse
793 1516 923 1566 expositum,
950 1501 1078 1553 sumendum
1098 1519 1136 1549 est.

52 1590 145 1642 Apparet
156 1584 248 1634 scilicet,
264 1584 282 1624 si
295 1583 358 1624 verba
371 1597 454 1638 urgeas,
473 1598 522 1624 eum
536 1584 677 1634 contendere,
694 1599 723 1625 ne
736 1599 779 1629 uno
792 1575 878 1640 quidem
892 1585 933 1626 alio
946 1585 996 1642 loco
1011 1594 1092 1625 veteres
1105 1582 1137 1621 in-

53 1668 154 1714 terpretes
166 1668 253 1711 graecos
264 1669 277 1694 a
289 1655 392 1695 Versione
403 1654 499 1708 simplice
513 1655 643 1709 discrepare,
660 1647 744 1709 praeter
757 1671 805 1706 eos,
826 1657 863 1697 ubi
874 1657 1006 1711 Ephraemus
1019 1656 1135 1710 lectionem

51 1720 167 1774 variantem
179 1726 274 1776 exbibet,
290 1726 332 1766 hoc
343 1729 398 1767 enirn
409 1739 434 1766 eo
445 1726 526 1780 prodit,
544 1726 679 1782 quod.verbo
693 1742 733 1766 nec
744 1730 787 1767 nisi
799 1730 874 1778 utitur,
892 1731 972 1784 quippe
987 1727 1046 1782 quod
1059 1737 1136 1767 omnes

52 1797 143 1856 reliquos
155 1798 214 1838 locos
226 1799 249 1837 in
263 1797 337 1851 quibus
351 1797 381 1837 illi
390 1800 515 1852 interpretes
527 1813 540 1837 a
551 1799 655 1839 Versione
666 1798 762 1852 simplice
775 1798 914 1850 abhorreant,
933 1814 1024 1856 quorum
1035 1809 1136 1838 numerus

52 1876 89 1930 qui
100 1872 203 1911 maximus
216 1870 243 1909 sit
255 1869 332 1922 cuique
342 1868 438 1922 Hexapla
451 1869 534 1915 adituro
544 1868 607 1916 facile
621 1871 660 1910 erit
671 1870 698 1909 ad
710 1870 877 1925 intelligendum,
896 1886 977 1922 omnes,
990 1874 1084 1927 inquam,
1103 1881 1136 1908 re·

52 1945 120 2000 liquos
131 1942 195 1983 locos,
203 1939 296 1980 excludit
308 1941 402 1980 omnino.
427 1941 463 1986 ,At
475 1943 532 1981 enim
543 1942 665 1981 Cunuuuuus
677 1942 799 1983 inconsulto
811 1954 895 1984 tantum
907 1932 1019 2000 loquuturn
1033 1954 1078 1983 esse
1090 1952 1132 1980 nec

52 2019 112 2057 istam
119 2013 251 2075 *sententiam
261 2013 292 2052 sic
304 2010 432 2053 intellectam
442 2012 533 2054 uoluisse
543 2011 636 2062 videtur,
652 2015 731 2067 quippe
743 2017 848 2055 continuo
859 2029 886 2056 ert
896 2030 921 2056 eo
932 2017 1056 2070 percipitur,
1074 2009 1134 2067 quod

52 2090 100 2130 istas
118 2094 179 2126 notas
196 2082 321 2137 marginales
330 2082 461 2139 plermnque
474 2084 622 2123 tantummodo
635 2084 781 2138 Hexaplorum
795 2084 877 2127 fontem
891 2090 952 2143 sequi
966 2089 1022 2128 sinit.
1053 2086 1134 2125 Dicen-

52 2160 102 2200 dum
115 2167 186 2198 autem
200 2165 245 2195 erat
258 2155 381 2203 Cnuuunno,
398 2154 424 2210 id·
433 2168 455 2195 se
469 2153 591 2205 offendere,
616 2155 674 2210 quod
689 2158 742 2197 istae
755 2169 820 2200 notae
834 2159 961 2214 marginales
973 2158 1007 2200 vel
1019 2157 1131 2199 hebraicae

51 2229 84 2272 vel
95 2241 194 2284 graecae,
211 2226 274 2265 linita
285 2240 344 2269 raro,
361 2227 384 2265 ni
396 2225 640 2281 malueris'plerumqne,
653 2241 680 2268 ex
693 2227 733 2269 illis
745 2232 826 2283 graecis
837 2231 986 2285 interpretibus
1000 2232 1041 2269 sint
1053 2226 1133 2268 exhau·

51 2313 101 2343 stae.
132 2300 198 2354 Atqui
206 2311 258 2340 vero
265 2296 287 2337 id
299 2299 361 2337 etiam
373 2296 433 2338 aliter
443 2297 495 2338 milri
505 2300 572 2339 visum
584 2306 627 2351 est,
643 2299 741 2358 adeoque
750 2302 773 2340 in
785 2302 930 2355 exemplorum
942 2315 1030 2342 examen
1040 2315 1053 2341 a
1063 2301 1132 2340 Cunu-

50 2385 104 2415 ucno
118 2380 280 2425 congregatum,
300 2368 322 2408 id
333 2368 391 2424 quod
403 2368 455 2409 nihil
467 2383 519 2410 sane
530 2369 595 2420 valet,
612 2372 756 2426 inquiramus3
772 2373 824 2413 illud
836 2375 920 2429 quidem
932 2372 1030 2414 lubenter
1044 2385 1133 2413 conces·

50 2445 104 2498 suri,
121 2440 179 2480 hunc
190 2442 287 2495 Origenis
301 2454 361 2480 usum
372 2439 417 2481 fieri
432 2442 535 2493 potuisse,
549 2443 661 2496 quoniam
672 2443 757 2498 plurimi
771 2444 878 2500 iidemque
890 2446 1064 2498 praestantissimi
1081 2446 1132 2485 scri-

50 2526 121 2569 ptores
135 2510 272 2552 ecclcsiastici
288 2510 326 2562 (cf.
337 2512 472 2552 Monrumuc.
481 2513 496 2551 I.
508 2515 577 2567 pplr)
593 2526 642 2555 eum
654 2513 766 2566 afferrent,
785 2518 823 2557 etsi
836 2518 859 2556 in
873 2516 930 2557 cultu
945 2516 1015 2558 divino
1029 2531 1076 2558 non
1087 2528 1132 2559 ute-

41 2581 120 2635 retur,
142 2582 179 2624 sed
194 2580 247 2622 illud
260 2584 283 2622 in
296 2582 409 2637 Ephraemi
422 2584 595 2635 Commentariis,
620 2586 679 2641 quod
691 2600 718 2628 ex
734 2586 834 2640 exemplis
847 2588 987 2639 intellexeris,
1004 2575 1130 2637 existimare,
1148 2581 1150 2584 Α

24 2674 29 2679 ··
49 2657 112 2711 plane
128 2666 160 2695 est
178 2654 288 2695 absonum.
326 2656 419 2695 Primum
439 2656 503 2710 igitur
521 2668 624 2709 provocas
646 2657 674 2698 ad
692 2658 763 2699 Amos.
781 2659 805 2709 6,
823 2675 840 2699 1.
862 2657 981 2711 (Cannium.
995 2677 1017 2718 p.
1028 2664 1066 2716 39)
1080 2663 1129 2717 33133

49 2724 109 2785 mlii]
120 2717 209 2780 witi]-
224 2725 268 2779 Syr·
276 2719 352 2777 lffi'kssb2
365 2722 435 2774 12³²?ss
448 2719 508 2775 abab
523 2730 562 2784 qni
571 2729 680 2785 dissipant
687 2732 797 2788 principes
808 2735 917 2788 gentium.
933 2735 997 2791 Ephr.
1008 2737 1033 2776 II.
1044 2733 1096 2773 263.
1104 2733 1129 2773 C.
