2449 3056
366 239 415 280 eu.
426 239 443 278 L
474 238 511 279 De
526 237 552 279 V
548 239 633 279 cirione
648 237 677 278 ab
693 237 821 294 Epluuemo
837 240 946 279 eructata.
1175 233 1202 277 15

118 340 183 405 estet,
208 362 287 416 quippe
301 358 362 414 qriod
376 357 488 398 Versionis
500 366 580 396 crucior
592 365 684 412 propter
698 370 762 396 suoru
777 357 803 397 V
799 359 890 396 cisionis,
900 369 998 412 graecae
1017 346 1200 395 consuetudinem

117 432 200 471 multus
219 434 289 472 etium
309 431 414 469 lectiones
433 443 538 484 graecas,
571 432 618 468 irim
642 431 745 470 Versiou'i
763 430 859 484 simplici
877 430 989 483 perditus,
1017 427 1155 467 admiscuit?
1171 447 1199 455 -

117 503 153 545 Sic
166 502 278 544 arbitratus
295 512 326 543 est
340 503 442 543 Wnnnrus
460 499 497 558 (p.
511 498 558 553 83.)
574 514 615 541 nec
630 515 675 542 non
690 501 834 556 Suonnrus33),
850 490 930 556 quippe
945 502 982 556 qui
995 499 1137 554 Ephraernum
1149 485 1199 539 cum

116 582 176 618 textu
185 575 292 616 Versionis
302 575 360 614 LXX
369 584 456 628 recepto
468 570 540 614 facere
554 575 635 613 censuit
645 587 716 628 neque
727 572 787 613 aliter
798 575 914 614 Mrcrrnnnrs
921 568 957 630 ³⁴),
975 573 1012 627 qui
1024 582 1094 612 tamen
1107 559 1198 612 consen-

115 634 163 688 surn
174 646 232 687 illum
243 646 270 686 ad
279 660 345 686 unum
355 658 368 686 e
378 643 488 685 codicibus
501 646 588 700 graecis,
605 658 658 701 qnos
668 645 724 687 inter
734 655 756 687 et
768 645 892 689 versionem
901 646 1006 699 syriacam
1015 656 1093 698 magna
1107 641 1197 684 affinitas

115 721 167 762 iam
168 718 209 763 diu
219 728 274 759 esset
284 726 396 772 percepta,
412 713 488 756 retulit.

171 819 193 873 e)
225 820 274 861 Aac
287 819 364 859 Verrio
377 832 464 872 putueo
479 821 526 858 ium
540 796 595 860 unte
607 820 730 874 Epirmemi
745 828 845 871 aetutem
860 834 889 860 ex
902 819 1065 860 Alexandrina
1084 825 1134 857 erut
1150 827 1197 855 eor-

115 887 225 950 ruptod).
261 892 298 932 Me
311 903 340 930 ne
352 889 405 931 illud
415 889 511 941 credam,
527 891 594 931 modo
607 890 643 932 illa
653 890 753 943 Syrorum
764 895 882 933 reverentia
894 903 916 934 et
929 893 990 948 quasi
1002 888 1131 932 verecundia
1147 899 1197 942 erga

113 978 173 1005 suam
191 974 236 1003 tum
252 964 344 1017 primurn
355 961 498 1003 ecclesiastica
514 964 605 1002 auctorit
598 973 640 1003 tate
655 963 822 1005 condecoratam
838 964 975 1013 versionem
998 961 1088 1003 modo'
1082 974 1128 1016 ipsa
1144 958 1196 1002 ver-

113 1037 178 1076 sionis
193 1045 261 1083 aetas,
281 1031 396 1087 Ephraenii
409 1042 506 1087 tempore
518 1036 663 1074 recentissima
679 1045 701 1076 et
716 1036 775 1090 quasi
786 1035 921 1082 incunabulis
939 1034 1046 1084 involuta,
1068 1021 1196 1088 prohibent3

113 1120 222 1162 nunquam
239 1106 306 1154 enim,
330 1114 354 1145 ut
368 1105 486 1145 Hrnznnruu
503 1106 538 1160 (p.
556 1105 613 1159 120.)
628 1104 656 1146 de
672 1104 713 1146 hac
731 1108 778 1160 ipsa
789 1120 814 1147 re
828 1106 976 1157 disserentem,
997 1107 1105 1148 verissime
1121 1103 1195 1144 dicere

112 1173 212 1229 memini,
232 1190 274 1232 que
289 1185 358 1217 aetate
373 1176 494 1230 prodirent,
520 1175 569 1217 libri
583 1179 677 1231 corrupti
690 1179 755 1217 etiarn
771 1176 841 1228 fuere,
868 1177 907 1219 sed
922 1191 987 1219 omne
1004 1176 1194 1232 interpolationem

112 1263 178 1308 genus
192 1246 321 1290 succedente
336 1245 423 1288 demum
436 1256 533 1303 ternpore
549 1258 652 1289 exortum.
687 1249 767 1288 Contra
782 1259 877 1290 asserunt
890 1250 993 1290 Sronurus
1012 1252 1046 1303 (p.
1064 1264 1085 1303 7.
1105 1247 1150 1297 45.)
1173 1254 1194 1286 et

110 1323 213 1364 Wflrnrus
229 1316 265 1376 (p.
274 1320 311 1359 81.
323 1316 369 1371 82.)
386 1332 413 1359 ex
427 1318 502 1360 codice
514 1318 607 1375 quodam
617 1320 723 1361 Versionis
735 1333 824 1374 graecae
831 1323 908 1363 nostris
918 1319 1017 1373 omnibus
1027 1318 1095 1360 multo
1107 1319 1194 1373 puriore

110 1392 252 1447 Ephraemum
263 1403 308 1430 esse
320 1401 454 1444 corruptum
469 1389 527 1431 haud
538 1403 587 1430 raro
598 1390 697 1432 videlicet
707 1391 801 1433 lectione
810 1406 886 1447 graeca
895 1391 966 1448 aliqua
976 1393 1000 1432 in
1006 1391 1121 1445 Ephraetni
1129 1391 1193 1430 Corn-

109 1462 217 1505 mentariis
227 1468 362 1509 occurrente,
369 1475 372 1481 ·
379 1457 466 1500 alteram
479 1459 587 1516 quandam
601 1460 658 1515 apud
664 1460 761 1504 Arabem
769 1465 793 1503 in
803 1462 926 1519 Polyglottis
936 1473 1066 1513 exstantem,
1085 1463 1122 1517 qui
1133 1460 1192 1522 illam
1216 1452 1217 1455 ¹

109 1538 132 1577 in
143 1546 182 1575 suo
192 1528 385 1573 Alexandrinorum
396 1529 472 1570 codice
483 1532 607 1581 invenisset,
619 1531 717 1585 probari,
733 1532 756 1572 itl
767 1531 832 1587 plane
842 1533 895 1574 nihil
906 1533 971 1584 valet,
988 1548 1039 1574 nam
1052 1534 1083 1574 uti
1093 1531 1191 1587 exempla

108 1608 151 1649 sint
171 1612 293 1658 comparata
306 1599 355 1642 vide
373 1601 401 1641 sis
418 1600 475 1654 apud
490 1601 601 1642 Seoruuuu
622 1601 659 1657 (p.
669 1603 689 1642 8.
701 1613 723 1643 et
735 1605 771 1656 9.).
803 1603 914 1655 Attamen,
939 1619 1006 1661 quum
1026 1605 1128 1646 Srouurus
1149 1606 1190 1647 ista

109 1674 205 1730 exempla
215 1684 236 1715 et
246 1671 305 1713 illurn
315 1670 387 1711 Iocum
399 1685 463 1727 quem
475 1673 569 1714 invenies
581 1687 594 1712 2
602 1673 659 1715 Sam.
672 1674 712 1724 25,
727 1681 748 1720 4.
761 1673 867 1726 adhibuit,
884 1676 942 1717 idem
954 1679 977 1718 in
989 1691 1038 1719 eum
1051 1690 1145 1718 errorem
1157 1687 1190 1718 est

108 1749 216 1802 delapsus,
235 1758 299 1800 quern
311 1755 380 1797 paene
394 1756 467 1783 ornnes
480 1744 519 1784 vin·
534 1743 593 1784 docti
604 1758 672 1799 usque
681 1758 707 1785 eo
720 1757 771 1785 sunt
784 1745 886 1800 amplexi,
909 1747 981 1789 donec
991 1735 1093 1788 Asturius
1108 1749 1188 1788 Ronm*

108 1819 176 1868 cnnffi)
188 1816 250 1857 aliam
263 1817 318 1856 viam
333 1824 364 1855 est
377 1815 482 1868 ingressus
492 1824 514 1855 et
524 1813 590 1854 libros
604 1814 707 1856 Samuelis
717 1816 812 1857 arabicos
820 1818 843 1857 in
851 1817 975 1873 Polyglottis
986 1828 1102 1860 reservatos
1113 1819 1186 1871 eSyro

106 1892 176 1946 potius
189 1901 235 1930 esse
246 1885 314 1926 iactos
320 1914 325 1934 ,
342 1886 371 1924 ita
386 1886 494 1937 exposuit,
515 1897 539 1925 ut
548 1884 602 1926 nihil
611 1888 638 1926 sit
649 1886 772 1929 evidentius.
803 1888 868 1945 Atqui
878 1903 938 1940 vero,
957 1904 1023 1946 quum
1034 1892 1075 1931 isto
1086 1889 1184 1945 exemplo

106 1961 232 2006 sententiam
241 1954 333 2013 probare
342 1954 445 1997 studuerit
452 1955 565 2008 Sumturus,
583 1958 619 2013 qul
629 1954 709 2012 reliqua
720 1959 894 2011 sintiudicanda,
908 1959 972 2003 facile
986 1972 1019 2004 est
1028 1961 1153 2018 intelligere.

118 2051 120 2053 ’
160 2062 184 2115 d)
215 2057 413 2117 IpteEpiu'nemur
424 2058 528 2098 lectiones
539 2060 655 2098 variantes
666 2073 760 2113 graecus
769 2063 852 2115 possim
866 2072 1006 2103 occurrentes
1019 2064 1044 2104 V
1041 2066 1122 2103 eruioui
1133 2067 1184 2105 sinr-

102 2136 158 2192 plici
172 2131 312 2173 ochuiscuirse
324 2129 400 2168 videri
409 2132 479 2182 possit
489 2129 522 2185 37).
553 2132 592 2181 At,
609 2129 710 2182 obsecro,
729 2133 765 2188 qui
777 2134 867 2190 cogitari
879 2145 960 2190 potest,
984 2149 1046 2177 suurn
1057 2134 1183 2189 adiutorem,

103 2255 216 2271 ...ιο-σν·-

122 2324 148 2360 33)
161 2322 241 2350 Gorrror.
250 2319 314 2350 Cnnrsr,
323 2317 386 2347 Srorru
397 2317 511 2351 observationes
523 2327 570 2359 super
579 2318 599 2351 N.
609 2321 628 2353 Τ.
639 2320 671 2353 Vss.
681 2328 711 2358 cyr.
724 2327 765 2359 1772.
785 2322 819 2352 Hac
829 2324 863 2364 ipsa
874 2324 980 2366 disputatione
990 2327 1013 2356 uti
1023 2325 1062 2356 mihi
1071 2335 1103 2355 non
1114 2324 1182 2363 licuisse,

140 2370 194 2400 acerbe
204 2368 253 2400 doleo,
273 2368 298 2397 De
308 2370 326 2397 iis
338 2376 391 2412 tamen
403 2371 469 2407 quaein
480 2378 498 2398 ea
509 2376 594 2399 tractantur
606 2368 676 2400 consului
688 2372 733 2404 tora,
742 2372 783 2405 Dru.
791 2372 892 2406 tricaricen
903 2379 919 2407 in
930 2376 969 2408 utut.
982 2378 1006 2409 Or.
1016 2378 1032 2408 Ρ,
1043 2378 1069 2409 IV.
1079 2387 1097 2417 p.
1106 2384 1138 2414 194.
1150 2386 1163 2413 7.

121 2440 148 2477 ³4)
161 2439 183 2466 10.
194 2437 236 2466 Dav.
246 2435 338 2476 theristro
349 2433 360 2468 1,
370 2434 381 2467 Ι,
393 2446 407 2477 p.
420 2441 451 2474 195.

121 2505 148 2545 35)
163 2506 213 2543 Prope
223 2504 274 2537 abest,
287 2511 306 2532 ut
317 2512 325 2531 n
335 2505 396 2542 seipso
408 2505 482 2535 dissideat
492 2506 596 2538 Cannutius,
608 2515 657 2543 quum
668 2507 709 2536 dicat
719 2516 735 2547 p⁴
744 2517 771 2546 51:
786 2510 866 2539 Verritum
878 2510 940 2540 ructum
951 2512 1026 2549 Eplrnretui
1036 2521 1095 2551 tempor
1106 2510 1122 2542 et·
1132 2523 1181 2552 graeco

138 2552 263 2586 Alexandrinorum
269 2554 316 2588 juisse
325 2553 430 2590 interpolatam,
445 2562 461 2583 at
471 2561 523 2584 eontra
533 2565 549 2595 p,
558 2560 593 2588 109:
609 2556 634 2584 vix
643 2564 660 2585 rc
670 2565 687 2585 ne
696 2558 721 2587 uix
731 2559 785 2596 quidem
797 2560 846 2590 Verrio
855 2559 917 2589 Perrhitr
928 2568 960 2590 aute
969 2560 1043 2600 Ephrruri
1052 2570 1112 2593 netarum
1123 2574 1139 2594 nt
1149 2566 1180 2601 ipsu

139 2603 205 2634 Versiune
214 2601 308 2637 Alrxrurbinrr
319 2602 379 2631 rorrsulto
393 2610 446 2632 turrem
458 2611 483 2632 est.

59 2672 61 2674 “
119 2672 145 2709 36)
158 2672 235 2701 Arnnrur
245 2669 330 2698 Rorurcrr
341 2670 359 2700 de
369 2669 413 2700 tonte
424 2677 439 2701 et
450 2670 503 2701 indole
513 2673 646 2713 interpretationis
656 2671 696 2706 libb,
704 2675 747 2708 Indd,
754 2674 800 2705 Ruth.
808 2674 850 2708 eam.
859 2676 907 2717 Regg.
915 2686 930 2709 et
940 2677 1006 2710 Nehem,
1018 2681 1089 2712 arabicae
1100 2670 1135 2714 libri
1144 2684 1178 2713 duo.

135 2721 185 2751 Halae
197 2723 223 2750 182
226 2724 238 2752 8
252 2727 265 2755 7

116 2787 144 2827 37)
159 2784 401 2818 5¹0lssdfflfflffllssarhflbfflffi
412 2785 433 2817 fif·
444 2794 476 2819 ¹¹⁰²·
487 2795 535 2824 72·—
516 2791 667 2822 *bsssfltfflttvs
662 2801 679 2823 ru
690 2793 704 2825 Β
713 2793 752 2827 0..Ι
763 2800 807 2856 p.71.
819 2794 1029 2836 quiEphrremnmsahem
1040 2800 1112 2830 Vtrstone
1123 2807 1177 2838 graeca

134 2839 193 2876 syriace
206 2846 251 2867 versa
261 2846 307 2867 nsum
317 2834 366 2867 luisse
377 2839 442 2877 putarit.
