2449 3056
533 165 726 205 Prooemium.

142 284 164 331 ὅ.
195 282 236 326 Sed
249 281 277 323 ad
289 282 345 324 vitae
359 283 514 334 narrationem,
537 297 549 324 a
571 297 613 340 qua
632 283 719 340 digressi
735 291 816 336 sumus,
840 284 957 327 redeamus,
989 287 1089 329 Edessam
1105 290 1179 346 igitur>

63 416 65 419 Ι
86 372 191 405 reversus,
219 355 348 396 seditionem
367 356 476 406 restinxit,
500 366 545 396 tum
562 356 705 407 Samosatam,
732 355 807 397 urbem
825 355 852 398 ad
871 342 1092 412 Euphratem'sitam,
1119 375 1169 414 pro-

30 474 32 476 ,
85 421 173 487 paravit,
188 427 346 468 baereticorum
362 440 442 467 errores
455 428 596 483 impugnavit,
619 429 739 484 iterumque
752 427 851 468 Edessam
864 431 955 469 revertit.
986 431 1028 471 Hic
1044 430 1172 473 bardesanis

85 503 182 543 haeresin
193 499 306 545 invaluisse
320 498 384 548 vidit,
398 499 436 554 qui
447 497 516 540 modis
530 498 629 540 mollibus
640 501 799 556 imaginumque
816 498 898 540 luxurie
909 498 1017 555 falsaeque
1030 499 1080 543 fidei
1093 505 1168 544 errori-

84 575 123 615 bus
144 575 246 614 iuvenum
267 570 395 624 audientiam
416 569 493 611 allexit.
538 571 566 611 At
580 572 692 619 insurrexit
712 572 759 625 pius
774 569 911 625 Ephraemus.
956 572 1088 615 Convocavit
1107 575 1168 629 virgi·

84 645 166 696 nes²⁶),
193 643 283 695 hymnos
301 643 421 695 composuit
437 653 459 682 et
472 641 528 683 velut
542 641 675 684 citharoedus
694 641 786 683 docebat
800 642 878 683 modos
892 643 984 683 musicos
999 642 1168 699 modulandique

22 757 25 762 ⁴
84 718 182 760 carminis
197 714 261 770 leges.
299 715 348 754 Hoc
359 716 382 753 in
395 726 483 754 munere
495 712 576 754 tamdiu
589 712 629 754 sibi
642 712 721 767 placuit
733 711 804 754 donec
818 712 846 753 ad
858 727 907 756 eum
920 716 1044 756 conveniret
1055 725 1101 755 tota
1116 713 1165 755 urbs

84 802 105 832 et
112 786 286 837 ,confunderetur
303 794 325 825 et
342 784 477 839 dissiparetur
491 783 553 826 turba
569 784 740 826 adversariorum.
776 782 867 824 Duobus
885 779 946 825 annis
964 795 1014 839 post
1031 799 1096 841 quum
1115 787 1167 829 Cae.-

84 876 145 903 sarea
160 858 299 905 discessisset,
317 855 403 896 Basilius
416 843 444 896 ad
456 848 505 897 eunt
516 855 620 911 ablegavit
633 855 758 910 discipulos,
775 856 899 909 episcopum
912 868 958 897 esse
969 865 1064 897 creatum
1074 856 1167 910 Eplnae·

42 929 49 943 ’“
82 942 142 976 mum
157 931 301 979 nuntiaturos;
323 926 360 967 sed
375 926 505 981 Ephraemus
519 929 599 982 quippe
611 926 638 967 ab
655 929 714 968 omni
728 925 870 984 ecclesiastico
886 939 976 968 munere
990 926 1110 982 decoreque
1130 927 1167 968 ab·

81 1006 188 1051 horreret,
215 999 303 1042 delirum
325 996 448 1047 simulabat,
476 1007 500 1038 ut
520 999 551 1038 sic
568 1008 703 1050 personatus,
732 997 789 1038 istud
808 1010 884 1038 munus
902 999 1021 1040 evitaretur.
1060 1001 1164 1053 Represso
1197 1038 1199 1042 ,

81 1077 200 1118 haeresium
213 1070 296 1118 lurore,
316 1070 339 1108 in
353 1070 457 1108 montium
469 1082 574 1124 secessum
588 1082 611 1110 se
621 1070 714 1123 recepit,
735 1081 813 1121 corpus
823 1069 931 1122 castigavit
942 1079 963 1110 et
974 1072 1068 1110 exercuit
1081 1071 1165 1125 piisque
1188 1074 1190 1076 ’

82 1142 247 1204 cogitationibus
260 1138 518 1195 contemplationibusque
537 1150 604 1181 totam
624 1138 727 1195 reliquam
743 1139 815 1180 vitam·
823 1141 953 1193 consumpsit
972 1150 993 1180 et
1008 1150 1057 1194 post
1072 1151 1164 1181 mortem

82 1212 152 1261 Basilii
166 1213 250 1270 placide
259 1214 301 1254 vita
317 1208 443 1263 arcessitu).

82 1350 197 1364 ..μα-9*

101 1430 127 1465 26]
144 1412 200 1464 ibim
211 1411 257 1454 dab
268 1426 335 1461 virgines
347 1422 414 1452 foederis
429 1424 439 1454 i.
449 1432 461 1454 e,
473 1430 513 1459 utrae
523 1424 627 1461 virginitatem
638 1422 672 1451 Deo
685 1429 761 1453 voverant.
773 1420 803 1450 vid.
815 1422 833 1452 A,
841 1419 904 1449 Hauuu
915 1418 986 1449 libellum
997 1421 1016 1449 de
1027 1421 1112 1449 bardesane
1120 1424 1162 1449 Gne·

120 1479 159 1506 suco
171 1482 200 1504 etc.
212 1484 227 1512 p.
238 1481 261 1508 33.
279 1481 311 1503 not,
324 1481 345 1503 ta.

101 1548 129 1582 27)
141 1542 206 1573 Basilius
215 1541 255 1571 obiit
267 1551 279 1571 a,
290 1546 316 1577 378
326 1548 353 1569 aut
363 1542 397 1570 init.
409 1549 424 1569 a.
435 1544 471 1575 379,
482 1525 567 1577 irriperator
575 1537 631 1568 Valens
641 1543 693 1566 autem
704 1538 739 1567 init.
748 1537 798 1572 a.378,
809 1538 834 1565 cui
841 1529 948 1575 Eplrraemiim
956 1538 1055 1575 superstitem
1062 1535 1162 1574 fuisseliqnj.

121 1596 158 1622 dum
167 1593 185 1621 fit
193 1602 212 1621 ex
220 1593 290 1621 erreomio
301 1593 317 1620 iu
325 1589 399 1619 Basiliam
407 1591 423 1618 in
432 1591 473 1629 Opp.
481 1598 503 1626 gr.
511 1589 531 1616 ll.
541 1591 568 1623 393
577 1594 592 1616 et
600 1594 632 1625 395,
639 1588 657 1618 A.
670 1595 701 1624 qno
710 1592 753 1614 tanta
760 1593 783 1614 est
790 1584 875 1624 Ephraemi
882 1586 901 1614 de
908 1584 973 1615 Valente
980 1584 1055 1622 loquendi
1062 1584 1134 1620 libertas,
1144 1593 1162 1614 ut

120 1653 156 1673 eum
167 1639 481 1682 huic'superfnisseimperatorimeritc
493 1639 595 1668 existimetur.
615 1635 635 1666 ei.
647 1636 721 1665 Garmai
733 1635 751 1663 ad
762 1637 802 1674 Opp.
813 1634 866 1664 Basilii
875 1636 904 1666 Ill,
915 1632 964 1664 Praeti
975 1644 1000 1674 ep,
1012 1641 1035 1669 13,
1046 1636 1071 1666 lv,
1092 1635 1161 1669 Videtur,

117 1693 226 1732 Eplrraemum
239 1699 308 1720 extremo
319 1699 360 1718 anno
372 1693 399 1724 373
411 1687 489 1725 (quocum
496 1688 599 1724 Hieronymus
611 1686 663 1723 script,
674 1684 711 1715 eccl.
723 1694 736 1714 c.
745 1692 770 1722 115
784 1685 866 1722 convenit)
878 1691 905 1713 arrt
915 1684 965 1713 medio
977 1693 991 1712 a.
1000 1688 1027 1719 379
1038 1684 1102 1717 obiisse,
1113 1693 1161 1721 quum

120 1744 154 1771 veri
165 1741 263 1770 simillimum
274 1742 302 1774 sit,
319 1737 402 1767 basilium,
415 1739 458 1766 euius
468 1744 545 1776 superstes
557 1736 596 1766 luit,
613 1742 639 1763 aut
651 1741 717 1762 extremo
730 1742 770 1762 anuo
782 1738 814 1769 378.
826 1742 853 1762 aut
863 1735 908 1763 initio
920 1743 933 1762 a.
945 1738 978 1767 379.
990 1742 1022 1762 esse
1032 1740 1119 1763 mortuums
